3028 4908
463 662 761 739 PRAEFATIO
794 661 1046 735 EDITORIS

517 800 568 853 an
587 797 791 852 sermonen
811 797 998 863 uuaarnu.

261 1054 350 1129 Quae
372 1049 511 1136 Nepotis
539 1052 672 1115 nomine
701 1051 741 1115 ad
768 1072 828 1114 nos
851 1052 1066 1133 pervenerunt
1088 1049 1187 1133 vitae,
1210 1069 1266 1112 eae
1289 1047 1339 1111 vel

170 1164 306 1245 propter
337 1179 444 1222 rerum
477 1156 638 1221 delectum
670 1160 704 1220 et
733 1155 902 1240 scriptoris
929 1155 1096 1240 ingenium
1126 1155 1178 1219 vel
1209 1157 1352 1240 propter

170 1267 356 1331 universam
398 1263 466 1327 stili
506 1263 727 1348 orationisque
768 1261 1057 1326 conformationem
1099 1261 1204 1326 adhuc
1241 1260 1341 1346 vulgo

171 1371 381 1457 dignissimae
403 1369 577 1453 habentur,
605 1390 686 1454 quas
702 1367 953 1453 gymnasiorum
983 1371 1168 1432 nostrorum
1192 1366 1342 1452 quartani

172 1480 292 1564 legant.
336 1475 449 1560 Itaque
474 1475 620 1557 quamvis
643 1475 747 1538 multa
764 1475 800 1537 in
823 1473 869 1538 eis
892 1474 998 1538 inesse
1021 1476 1157 1557 constet,
1180 1495 1262 1558 quae
1285 1482 1342 1537 aut

112 1566 119 1578 „
171 1586 330 1650 historica
362 1582 424 1645 fide
452 1584 584 1646 careant
609 1580 733 1645 falsove
760 1581 933 1645 tradantur
960 1583 1016 1644 aut
1042 1580 1148 1644 minus
1177 1580 1342 1663 eleganter

173 1686 379 1776 proferantur
403 1692 436 1753 et
454 1709 528 1752 cum
547 1689 834 1773 grammaticorum
852 1688 1034 1771 praeceptis
1054 1690 1210 1772 pugnent,
1233 1691 1342 1749 tamen

169 1798 353 1861 retinentur
369 1795 447 1858 illae
465 1794 500 1857 in
519 1795 637 1859 scholis
657 1797 689 1858 et
705 1795 917 1879 posthabitae
934 1815 1166 1877 nonnunquam
1184 1792 1342 1857 tirociniis

169 1901 384 1967 recentiorum
416 1922 515 1964 manu
547 1901 703 1965 confectis
735 1922 836 1985 usque
868 1903 1067 1984 repetuntur.
1116 1898 1223 1963 Imbui
1255 1898 1341 1964 enim

170 2009 216 2072 eis
246 2007 393 2093 quamvis
425 2007 603 2091 inquinatis
635 2028 751 2090 pueros
782 2009 915 2071 nostros
941 2029 1036 2091 quam
1070 2006 1204 2070 omnino
1232 2026 1341 2069 aarum

169 2116 302 2200 ignaros
335 2134 464 2177 manere
497 2114 666 2177 malumus.
713 2112 947 2177 Verumtamen
978 2114 1040 2178 hoc
1072 2133 1166 2198 aegre
1198 2111 1342 2192 ferimus,

171 2220 266 2305 quod,
282 2220 337 2305 qui
351 2219 471 2305 integri
490 2220 615 2284 ardenti
634 2219 701 2284 fere
720 2219 827 2283 studio
847 2219 887 2283 ad
901 2220 985 2284 hanc
999 2219 1171 2284 lectionem
1186 2218 1342 2283 accedunt

170 2326 330 2410 discipuli,
353 2327 471 2389 iterum
489 2329 586 2410 atque
607 2326 734 2410 saepius
759 2326 911 2389 monendi
930 2328 1015 2409 sunt,
1034 2325 1111 2410 quid
1130 2325 1236 2388 minus
1259 2346 1342 2408 vere,

171 2432 278 2497 minus
302 2433 472 2509 subtiliter,
495 2433 601 2496 minus
625 2432 793 2516 eleganter
819 2431 903 2515 apud
925 2428 1085 2513 Nepotem
1110 2431 1266 2513 scriptum
1290 2432 1342 2494 sit.

171 2537 263 2613 Quod
294 2539 322 2602 si
348 2542 534 2602 tenerorum
562 2538 742 2602 animorum
770 2536 963 2601 verecundia
992 2558 1059 2601 non
1083 2535 1200 2620 facias,
1226 2558 1266 2601 ne
1292 2537 1342 2600 illi

172 2644 212 2708 ad
242 2643 505 2727 intempestivam
533 2643 695 2728 quandam
722 2643 832 2708 iudicii
856 2642 1071 2707 subtilitatem
1100 2643 1276 2707 excitentur
1298 2678 1340 2689 —

173 2752 262 2815 totos
297 2749 383 2813 enim
416 2770 533 2832 pueros
566 2770 599 2813 se
631 2748 707 2813 dare
740 2748 872 2814 lectioni
904 2751 937 2812 et
968 2749 1130 2814 mentibus
1164 2746 1343 2834 animisque

173 2856 324 2940 amplecti
348 2855 539 2939 scriptorem
562 2857 724 2940 volumus,
747 2861 785 2920 ut
805 2855 899 2919 illum
923 2855 1101 2938 suspiciant
1118 2877 1177 2920 nec
1200 2854 1285 2920 infra
1308 2878 1341 2920 se

171 2963 315 3045 positum
339 2962 536 3026 arbitrentur
561 2999 599 3010 -
625 2966 704 3047 quot
725 2961 809 3027 falsa
832 2960 1011 3045 addiscunt,
1036 2984 1119 3046 quae
1143 2962 1274 3028 difficile
1298 2965 1342 3028 sit

171 3072 288 3151 postea
311 3069 362 3133 vel
381 3068 611 3153 grammaticae
633 3069 685 3132 vel
703 3068 860 3133 historiae
884 3069 1049 3153 magistris
1073 3068 1263 3135 oblitterare
1286 3073 1343 3134 aut

172 3175 347 3259 corrigere!
378 3174 461 3250 ‘Quo
485 3175 582 3239 simul
602 3180 652 3239 est
673 3176 800 3239 imbuta
817 3197 927 3240 recens
947 3176 1089 3240 servabit
1108 3175 1240 3240 odorem
1258 3180 1343 3242 testa

172 3281 246 3346 diu'
293 3281 446 3366 Magnam
478 3281 579 3367 igitur
611 3282 767 3364 temporis
799 3282 958 3347 iacturam
995 3305 1060 3346 non
1091 3281 1284 3368 faceremus,
1315 3285 1342 3347 si

171 3387 238 3451 iam
269 3386 343 3452 inde
376 3389 416 3452 ab
448 3388 544 3452 initio
576 3409 654 3452 vera
686 3389 776 3472 pueri
809 3387 1006 3452 didicissent.
1053 3387 1158 3462 Quid?
1189 3389 1342 3454 devorare

174 3491 335 3577 Nepotem
355 3495 562 3559 librariorum
584 3496 770 3559 temeritate
793 3495 997 3578 inquinatum
1021 3494 1076 3578 qui
1099 3496 1227 3559 malunt
1245 3518 1341 3579 quam

172 3600 269 3682 paulo
294 3601 446 3665 audacius
469 3601 667 3684 perpolitum
690 3600 910 3685 interpretari,
939 3621 1045 3665 nonne
1069 3603 1102 3664 et
1125 3623 1217 3665 suam
1241 3606 1274 3666 et
1296 3603 1341 3666 di·

172 3704 371 3789 scipulorum
395 3708 482 3771 alere
505 3706 654 3771 videntur
678 3708 881 3772 socordiam?

262 3812 322 3876 His
354 3813 421 3877 fere
448 3814 628 3878 rationibus
665 3835 768 3897 nuper
800 3817 982 3877 commotus
1016 3815 1142 3900 collega
1179 3835 1269 3878 meus
1302 3815 1342 3878 ed

173 3918 366 3982 coenobium
385 3917 522 3984 Sanctae
540 3918 698 4004 Virginis,
717 3920 802 4003 quod
825 3924 875 3983 est
898 3919 983 4005 apud
1002 3919 1342 4003 Parthenopolitanos,

173 4024 228 4109 qni
250 4045 335 4089 nunc
357 4027 562 4109 gymnasium
580 4027 666 4111 regit
684 4025 887 4109 Giessanum,
904 4024 1005 4091 Andr,
1021 4026 1181 4109 Weidner,
1205 4024 1341 4111 Nepotis

172 4131 258 4195 vitas
282 4131 329 4194 ita
352 4131 511 4216 perpolire
540 4153 714 4219 aggressus
739 4136 802 4216 est,
825 4136 861 4196 ut
882 4132 946 4217 illi,
970 4134 1056 4217 quod
1079 4134 1232 4216 diximus,
1255 4134 1341 4198 malo

173 4237 364 4301 mederetur.
400 4235 504 4311 Quam
528 4238 751 4302 subactionem
769 4238 900 4303 volebat
922 4239 1028 4322 magis
1047 4238 1229 4303 scholarum
1246 4261 1340 4304 usum

174 4365 270 4427 quam
293 4344 451 4408 librorum
475 4346 790 4429 manuscriptorum
814 4345 910 4409 fidem
935 4345 1036 4430 sequi,
1053 4347 1245 4429 praesertim
1269 4367 1341 4410 cum
