3028 4908
199 175 243 240 68
597 173 698 231 XVIII.
730 173 914 230 aunuum.
939 181 963 233 9.

198 337 406 421 intellegeret
423 358 535 420 parem
554 358 589 402 se
609 357 763 401 essenon
781 358 878 420 posse
892 336 1015 421 paratis
1035 336 1239 420 adversariis,
1259 338 1378 403 statuit

199 425 322 510 aliquid
351 425 412 490 sibi
441 425 569 490 consilii
600 424 678 490 novi
705 445 775 489 esse
803 424 1001 509 capiendum.
1051 423 1144 488 Duae
1173 429 1267 490 erant
1295 426 1377 510 viae,

200 537 263 598 qua
286 535 325 578 ex
344 513 458 596 Medis,
476 513 533 578 ubi
551 514 606 577 ille
624 513 798 594 hiemabat,
818 513 859 578 ad
880 512 1141 579 adversariorum
1160 513 1377 580 hibernacula
1496 502 1497 581 l

163 606 311 686 oposset
341 601 511 687 perveniri.
558 601 701 678 Quarum
730 602 858 667 brevior
889 601 1017 666 ferebat
1043 623 1102 686 per
1134 601 1208 666 loca
1236 602 1376 688 deserta,

198 713 280 775 qnae
309 712 405 755 nemo
428 690 594 755 incolebat
619 694 751 774 propter
775 712 877 773 aquae
900 690 1058 774 inopiam,
1081 693 1223 756 ceterum
1248 689 1377 756 dierum

197 782 268 843 erat
294 779 361 844 fere
389 779 513 845 decem:
541 779 599 843 illa
627 781 751 861 antem,
783 801 848 862 qna
870 800 982 844 omnes
1005 778 1245 861 commeabant,
1269 779 1376 845 altero

197 871 289 931 tanto
307 868 487 952 longiorem
505 867 650 932 habebat
670 866 860 951 anfractum,
884 866 940 931 sed
959 871 1029 931 erat
1052 867 1186 950 copiosa
1205 867 1373 934 omnibus-

160 972 259 1040 oque
282 956 378 1020 rebus
403 955 581 1020 abundans.
617 953 690 1019 Hac
712 954 741 1018 si
764 954 1028 1039 proficisceretur,
1047 955 1260 1038 intellegebat
1278 958 1372 1039 prius
1497 996 1498 1051 ,

199 1042 403 1109 adversarios
435 1043 475 1108 de
508 1065 566 1109 suo
598 1042 737 1107 adventu
774 1043 965 1126 rescituros,
1003 1064 1101 1127 qnam
1138 1044 1209 1127 ipse
1240 1044 1377 1109 tertiam
1497 1118 1498 1121 Ἴ

199 1135 326 1216 partem
358 1131 550 1198 confecisset
577 1131 720 1196 itineris:
752 1132 803 1196 sin
826 1152 884 1216 per
910 1127 1126 1217 1000001019)
1155 1132 1378 1217 contenderet,
1497 1162 1498 1173 1

162 1239 180 1288 a
201 1222 356 1304 sperabat
377 1243 412 1285 se
434 1220 671 1304 imprudentem·
693 1220 822 1285 hostem
845 1240 1086 1303 oppressurum.
1126 1218 1175 1284 Ad
1199 1220 1285 1285 banc
1307 1242 1377 1285 rem

200 1309 433 1375 conficiendam
446 1309 619 1393 imperavit
633 1329 731 1392 quam
745 1308 902 1392 plurimos
919 1311 1010 1371 utres
1025 1311 1122 1391 atque
1137 1308 1237 1372 etiam
1251 1308 1376 1374 culleos

202 1399 396 1482 comparari,
419 1398 574 1481 pabulum
597 1399 765 1480 praeterea
789 1400 822 1460 et
847 1396 969 1461 cibaria
991 1399 1084 1460 cocta
1107 1395 1231 1460 dierum
1254 1397 1378 1481 decem,

197 1489 348 1570 utquam
368 1486 499 1550 minime
518 1485 608 1549 fieret
621 1485 709 1570 ignis
727 1485 762 1548 in
781 1485 906 1550 cestrie.
940 1483 1009 1548 Iter
1027 1506 1091 1567 quo
1110 1484 1241 1571 habeat,
1260 1505 1376 1550 omnes
1498 1480 1499 1489 ’

197 1574 290 1639 celat.
337 1573 391 1639 Sic
412 1578 555 1658 paratus,
578 1595 643 1657 qua
665 1573 888 1655 constituerat,
911 1571 1136 1657 proficiscitur.

163 1679 179 1728 1
286 1661 344 1727 IX.
375 1661 552 1727 Dimidium
584 1661 651 1726 fere
684 1661 827 1745 spatium
860 1660 1056 1744 confecerat,
1092 1682 1165 1725 cnm
1202 1684 1242 1725 ex
1279 1661 1373 1729 fumo

198 1754 379 1815 castrorum
402 1751 470 1814 eins
490 1749 631 1832 suspicio
650 1748 751 1812 allata
774 1751 824 1813 est
847 1748 888 1812 ad
906 1747 1086 1814 Eumenem
1104 1748 1235 1814 hostem
1256 1771 1376 1834 appro-

196 1838 363 1922 pinquare.
405 1834 612 1902 Conveniunt
635 1836 741 1901 duces:
767 1834 976 1924 quaerere⁹⁰),
1000 1836 1078 1921 quid
1101 1857 1182 1920 opus
1207 1838 1252 1902 sit
1277 1837 1377 1904 facto.

196 1924 436 2009 Intellegebant
473 1945 584 1990 omnes
616 1929 684 1988 tam
721 1923 866 1989 celeriter
898 1926 1008 2008 copias
1041 1926 1188 2010 ipsorum
1225 1927 1378 1991 contrahi

162 2032 266 2081 011011
287 2034 393 2097 posse,
416 2035 514 2097 quam
533 2013 721 2098 Antigonus
745 2012 914 2078 adfuturus
932 2013 1112 2078 ridebatur.
1161 2013 1247 2078 Tum
1272 2015 1379 2079 omni-

198 2102 259 2167 bus
283 2102 564 2166 titubantibuset
586 2102 624 2166 de
647 2102 745 2166 rebus
769 2102 904 2166 summis
928 2101 1187 2184 desperantibus,
1211 2102 1379 2167 Eumenes

198 2192 257 2273 ait,
285 2191 314 2255 si
342 2190 543 2255 celeritatem
570 2190 673 2255 velint
703 2189 856 2254 adhibere
883 2193 916 2254 et
945 2190 1105 2272 imperata
1131 2189 1253 2269 facere,
1290 2191 1379 2274 quod

198 2283 273 2344 ante
297 2300 361 2344 11011
384 2278 535 2362 fecerint,
562 2299 596 2343 00
618 2299 689 2342 rem
711 2278 945 2360 expediturum.
990 2275 1077 2343 Nam
1100 2277 1186 2362 quod
1194 2276 1237 2363 21)
1261 2279 1377 2344 diebus

198 2369 338 2452 quinque
366 2367 470 2433 hostis
498 2367 655 2432 transisse
682 2370 808 2451 posset,
836 2387 869 2430 se
894 2365 1095 2449 effecturum,
1118 2370 1156 2430 ut
1178 2388 1245 2431 11011
1267 2367 1377 2432 minus

199 2457 335 2522 totidem
354 2456 479 2521 dierum
501 2455 608 2539 spatio
627 2454 860 2519 retardaretur:
885 2476 985 2537 quare
1009 2455 1217 2520 circumirent
1240 2477 1279 2520 ac
1298 2478 1376 2522 suas

164 2545 336 2629 aquisque
359 2546 470 2628 copias
493 2544 707 2609 contraheret.
749 2542 801 2606 Ad
823 2540 985 2628 Antigoni
1008 2547 1115 2607 antem
1145 2543 1377 2609 refrenandum

199 2634 357 2718 impetum
383 2633 446 2698 hoc
473 2633 561 2716 capit
588 2631 768 2696 consilium.
814 2628 929 2696 Certos
957 2630 1062 2695 mittit
1084 2631 1232 2696 homines
1263 2632 1304 2697 ad
1327 2632 1377 2697 111-

199 2722 294 2787 fimes
317 2718 505 2808 montes22),
528 2721 583 2805 qui
607 2719 695 2785 obvii
718 2722 812 2784 erant
833 2718 942 2783 itineri
966 2719 1239 2803 adversariorum,
1268 2720 1376 2804 iisqne

200 2810 360 2895 praecipit
390 2812 428 2873 ut
460 2811 565 2892 prima
594 2805 754 2894 11001011),
786 2829 884 2891 quam
915 2808 1073 2872 latissime
1105 2808 1247 2891 possint,
1280 2808 1375 2892 ignes

106 2960 110 2971 ,
200 2899 321 2963 faciant
352 2917 448 2980 quam
481 2897 640 2961 maximos
673 2900 771 2981 atque
803 2897 863 2961 hos
897 2896 1038 2960 secunda
1070 2895 1185 2981 vigilia
1217 2898 1378 2982 minuant,

164 3002 182 3051 4
201 2987 300 3051 tertia
313 2986 507 3071 perexiguos
526 2984 672 3066 reddant,
685 2987 723 3047 ut
737 2984 930 3048 assimulata
948 2987 1129 3049 castrorum
1145 2985 1377 3050 consuetudine

202 3075 417 3158 suspicionem
444 3073 582 3138 iniciant
614 3071 779 3157 hostibus,
810 3072 876 3137 illis
909 3071 1094 3138 1001000οθ
1128 3077 1236 3137 castra
1268 3094 1306 3138 ac
1337 3073 1378 3139 de

201 3184 310 3227 eorum
334 3162 473 3227 0111011111
495 3162 772 3245 praenuntiatum:
795 3161 944 3244 idemque
966 3163 1099 3245 postera
1121 3164 1218 3226 110010
1241 3161 1378 3228 faciant.

165 3268 181 3316 0
201 3251 325 3327 Quibus
343 3251 540 3334 imperatum
559 3254 638 3335 erat,
657 3249 828 3335 diligenter
846 3252 1057 3333 praeceptum
1075 3254 1200 3315 curant.
1237 3248 1377 3335 Antigo-

200 3361 261 3404 nus
284 3338 426 3404 tonebris
450 3339 574 3403 obortis
596 3339 690 3422 ignes
713 3339 930 3422 conspicatur:
960 3337 1063 3402 credit
1086 3337 1124 3401 de
1148 3359 1207 3403 suo
1232 3338 1374 3403 adventu

201 3450 271 3493 esse
305 3428 451 3494 auditum
483 3432 516 3492 01
552 3426 753 3492 adversarios
794 3426 871 3490 illuc
903 3447 978 3490 01100
1014 3428 1214 3491 contraxisse
1250 3427 1373 3510 copias.

166 3534 182 3583 o
200 3517 306 3581 Mutat
323 3518 495 3583 consiliam
514 3519 555 3600 et,
573 3515 727 3600 quoniam
745 3513 965 3600 imprudentes
985 3513 1104 3580 adoriri
1122 3536 1188 3579 non
1204 3510 1374 3599 00000114),

200 3606 303 3671 flectit
323 3607 387 3671 iter
410 3627 504 3671 suum
527 3608 561 3669 01
582 3604 676 3669 illum
700 3602 882 3668 anfractum
905 3603 1087 3687 longiorem
1111 3602 1181 3668 viae
1205 3603 1293 3687 capit
1313 3602 1376 3668 ibi-

240 3830 272 3898 re)
292 3829 360 3886 Zum
382 3829 481 3887 Auadr.
505 3831 561 3900 vgl.
580 3829 666 3900 Verg.
688 3832 758 3886 Aen.
855 3828 889 3898 ¹¹)
906 3827 994 3883 Nieht
1007 3829 1131 3884 darl'nss
1145 3830 1195 3885 der
1204 3830 1258 3884 Ber
1295 3846 1377 3897 ,son-

201 3900 249 3967 Xl,
268 3906 329 3969 545,
348 3899 415 3957 Sall.
429 3903 492 3972 Jug.
508 3906 599 3971 103‚1
618 3901 677 3955 und
695 3901 761 3956 Tac.
817 3900 886 3954 darn
904 3898 949 3955 die
965 3900 1138 3956 siidlieheten
1150 3900 1238 3956 Aualt
1269 3917 1299 3955 er
1313 3901 1378 3956 der-

203 3973 295 4028 Germ.
315 3978 350 4028 38
369 3973 441 4043 (0010
458 3973 583 4041 vertice).
816 3971 920 4025 selben.

240 4079 276 4149 ²⁰)
295 4079 374 4135 Infin.
386 4078 454 4133 hiet.
467 4077 515 4134 bei
526 4077 621 4148 Nepos
635 4095 688 4132 nur
700 4078 762 4132 hier
853 4074 887 4145 ²⁰)
911 4074 1066 4145 Gegenaata
1092 4078 1131 4132 iat
1157 4077 1238 4132 nicht
1263 4077 1379 4146 postera

203 4151 261 4205 und
279 4149 370 4205 Alcib.
385 4148 433 4220 VI,
451 4154 477 4204 4.
814 4150 911 4216 110010,
935 4146 1055 4202 sondern
1074 4148 1197 4204 secunda
1214 4149 1271 4202 und
1289 4148 1379 4202 tertia

239 4255 275 4326 ἰ)
295 4258 344 4324 „ln
358 4253 533 4310 Anbetracht
547 4254 653 4323 dassen,
672 4253 762 4322 dass“‚
815 4217 921 4288 vigilia„

204 4325 257 4382 wie
275 4326 371 4396 hsuflg
388 4328 419 4381 in
436 4326 491 4380 den
510 4325 627 4381 ciceron.
642 4324 762 4380 Briefen,
855 4323 889 4393 11)
906 4323 1027 4383 mich,
1044 4325 1093 4379 des
1111 4323 1276 4396 Antigonum
