3028 4908
569 193 644 252 XIV.
674 191 855 248 olannus.
880 199 903 247 1.
1272 192 1316 257 43

140 376 222 419 arus
246 376 357 419 muros
382 376 456 421 cum
478 356 620 422 maxima
643 356 749 441 gloria
767 377 806 420 ex
822 356 962 440 pecunia
981 378 1001 420 a
1017 355 1127 420 Persis
1150 352 1315 442 acceptal)

140 443 268 526 patriae
295 444 497 525 restituerat,
526 445 654 511 eosdem
682 466 783 530 nepos
813 466 885 509 cum
914 466 1040 509 summa
1069 444 1248 530 ignominia
1276 466 1316 509 ex

141 553 201 596 sua
223 553 259 595 re
281 531 435 598 familiari
457 534 587 600 reficere
610 537 741 598 coactus
764 537 823 598 est.
869 533 974 610 Quam
997 537 1105 598 autem
1123 532 1314 598 Timotheus
1333 550 1349 598 a

141 620 209 684 suis
238 642 333 686 carus
361 621 475 707 fuerit,
507 644 580 687 cum
612 623 715 686 multa
747 622 910 705 possimus
942 621 1086 707 proferre
1119 621 1316 706 testimonia,

140 730 207 774 uno
236 710 356 775 erimus
384 712 537 776 contenti.
583 709 665 777 Cum
687 709 828 775 Athenis
856 708 1148 796 adulescentulus⁸)
1174 712 1215 791 [a.
1234 711 1314 792 373]

142 818 274 862 causam
297 795 465 887 diceret9),
493 822 559 865 non
583 800 688 864 solum
711 798 831 882 privati
858 799 954 864 amici
981 802 1078 883 atque
1105 799 1251 883 hospites
1275 800 1315 864 ad

141 907 215 950 eum
229 885 467 952 defendendum
486 892 713 970 convenerunt,
732 887 903 953 sedetiam
921 888 956 952 in
973 888 1013 953 iis
1030 888 1137 966 Iason,
1156 892 1314 972 tyrannus

141 973 344 1059 Thessaliae,
373 978 428 1060 qui
455 977 513 1042 illo
540 981 686 1061 tempore
713 976 778 1042 fuit
804 978 950 1042 omnium
978 974 1235 1061 potentissimus.
1281 975 1349 1042 Ise

141 1084 215 1128 cum
246 1065 282 1129 in
312 1065 422 1149 patria
455 1067 524 1131 sine
556 1065 753 1130 satellitibus
786 1088 820 1130 se
852 1069 959 1131 tutum
992 1087 1057 1130 non
1091 1066 1314 1149 arbitraretur,

140 1151 290 1218 Athenas
314 1153 383 1219 sine
411 1154 479 1219 ullo
501 1154 664 1238 praesidio
688 1154 776 1219 venit
804 1155 953 1239 tantique
976 1154 1138 1238 hospitem
1162 1154 1253 1237 fecit,
1277 1158 1315 1218 ut

140 1242 255 1306 mallet
286 1263 321 1306 se
353 1243 470 1326 capitis
502 1243 679 1328 periculum
713 1242 802 1306 adire
830 1264 929 1326 quam
954 1242 1129 1307 Timotheo
1158 1241 1197 1307 de
1224 1242 1314 1308 fama

140 1330 308 1395 dimicanti
332 1331 451 1396 deesse.
492 1330 555 1397 Sed
577 1336 691 1396 tamen
715 1331 867 1395 adversus
890 1352 963 1395 eum
982 1330 1175 1395 Timotheus
1198 1336 1313 1415 postea

139 1419 254 1503 populi
285 1420 375 1484 iussu
406 1419 529 1486 bellum
558 1416 724 1505 gessit¹⁰):
756 1420 882 1504 patriae
915 1420 1081 1485 sanctiora
1113 1420 1184 1484 iura
1214 1441 1312 1504 quam

138 1507 273 1592 hospitii
297 1530 368 1573 esse
391 1508 492 1574 duxit.

228 1596 319 1661 Haec
342 1600 486 1662 extrema
503 1598 567 1661 fuit
585 1601 676 1662 aetas
695 1596 928 1681 imperatorum
942 1597 1204 1680 Atheniensium,
1223 1596 1310 1680 Iphi·
1330 1609 1347 1658 4

139 1686 249 1769 cratis,
262 1682 432 1771 Chabriae,
446 1685 624 1750 Timothei:
647 1707 751 1769 neque
765 1689 840 1770 post
853 1687 984 1751 illorum
999 1685 1125 1752 obitum
1141 1691 1311 1771 quisquam

138 1773 203 1838 dux
226 1775 262 1839 in
289 1774 348 1840 illa
371 1776 451 1840 urbe
477 1773 542 1840 fuit
565 1774 682 1858 dignus
706 1775 862 1840 memoria
884 1779 1013 1860 praeter
1035 1773 1247 1859 Phocionem,
1273 1776 1312 1840 de

137 1884 200 1947 qao
223 1862 311 1928 infra
332 1885 437 1947 pauca
459 1863 674 1928 narrabimus.

617 2061 830 2068 ———-

536 2217 635 2292 XIV.
673 2220 910 2297 DATAMES.

224 2356 250 2422 Ι.
283 2356 386 2423 Venio
409 2379 495 2422 nunc
523 2357 563 2422 ad
587 2358 803 2424 fortissimum
826 2360 932 2424 virum
960 2359 1158 2443 maximique
1182 2360 1311 2425 consilii
1331 2373 1345 2420 1

135 2446 283 2511 omnium
325 2444 589 2534 barbarorum1),
630 2447 771 2532 exceptis
813 2448 938 2513 duobus
974 2446 1310 2533 Carthaginiensibus,

134 2535 322 2600 Hamilcare
345 2538 377 2599 et
399 2533 594 2601 Hannibale.
639 2534 689 2601 De
712 2558 776 2622 quo
804 2536 867 2600 hoc
888 2538 983 2619 plura
1005 2536 1196 2622 referemus,
1224 2537 1310 2621 quod
1329 2548 1345 2596 a

136 2627 170 2688 et
188 2624 378 2689 obscuriora
396 2628 474 2689 sunt
496 2625 565 2689 eius
584 2629 677 2710 gesta
693 2626 856 2709 pleraque,
879 2628 912 2689 et
935 2646 983 2709 ea,
1006 2645 1088 2709 quae
1107 2646 1260 2710 prospere
1280 2627 1310 2690 ei

134 2718 312 2794 cesserunt,
325 2733 394 2777 non
412 2714 587 2797 copiarum,
602 2714 658 2778 sed
672 2713 810 2796 consilii,
825 2735 888 2798 quo
903 2715 974 2777 tum
995 2735 1107 2779 omnes
1127 2714 1310 2799 superabat,

135 2800 363 2887 magnitudine
391 2802 588 2867 acciderunt:
617 2823 754 2885 quorum
780 2801 845 2866 nisi
866 2797 987 2889 ratio²)
1016 2803 1176 2888 explicata
1202 2803 1310 2887 fuerit,

134 2910 187 2955 res
210 2891 300 2975 ipsae
324 2911 480 2975 apparere
502 2912 569 2955 non
591 2894 753 2975 poterunt.

224 2978 395 3059 Datames,
418 2982 511 3064 patre
535 2978 713 3063 Camisare,
738 2980 870 3045 natione
894 2977 991 3064 Care,
1013 2983 1118 3045 matre
1142 2978 1344 3065 Scythissa3

132 3071 244 3151 natus,
275 3067 415 3153 primum
443 3068 477 3131 in
499 3089 634 3133 numero
662 3068 726 3132 fuit
754 3067 840 3152 apud
863 3069 1076 3133 Artaxerxem
1100 3091 1226 3154 eorum,
1254 3070 1309 3154 qui

170 3293 296 3362 ⁷)Siehe
316 3293 382 3349 Con.
401 3293 449 3361 IV,
468 3300 493 3350 5.
746 3295 862 3366 Mangel
893 3312 930 3351 an
957 3296 1029 3351 Geld
1061 3296 1108 3351 die
1139 3295 1310 3366 Expeditior

170 3401 192 3471 ⁸)
211 3397 251 3453 Er
263 3417 321 3455 war
336 3404 409 3455 etwa
422 3406 457 3455 40
470 3399 555 3456 Jahre
569 3401 619 3456 alt.
642 3400 693 3457 Die
746 3368 825 3449 lim
852 3368 1010 3422 amfflhren·
1055 3366 1095 3421 Er
1121 3369 1216 3422 ''¹¹³⁶‘'
1243 3385 1309 3437 Μ’

130 3470 332 3597 fflhffle
345 3471 419 3526 adul.
438 3470 477 3526 ᾗ*
499 3471 598 3527 dmm
614 3472 695 3528 ”sthi
743 3438 902 3578 diddiaiii
918 3437 1116 3564 ruliillldlil
1130 3440 1308 3563 clitelllt

746 3579 805 3634 und
828 3581 891 3634 dem
916 3579 976 3633 ihm
1005 3578 1129 3634 nachher
1151 3580 1307 3634 verschwa·

170 3648 192 3717 ⁰)
212 3646 268 3702 Der
282 3654 336 3703 3⁵14
349 3649 583 3718 abgeschlossene
594 3649 693 3705 Triede
747 3653 845 3720 garten
864 3653 935 3719 (cap.
955 3649 1007 3717 ΠΙ,
1026 3652 1055 3719 2)
1078 3647 1234 3718 Iphicrates
1252 3666 1307 3705 we·

134 3721 208 3788 (cap.
225 3717 251 3788 I,
269 3722 298 3789 8)
324 3720 405 3774 hatte
432 3720 535 3776 hainen
561 3722 693 3788 Bestand,
747 3738 802 3792 gen
824 3720 1101 3776 Pflichtversaumnis
1125 3721 1184 3775 und
1207 3722 1307 3777 Unter·

132 3789 172 3842 da
190 3789 245 3873 bei·
256 3790 311 3844 den
330 3790 558 3874 Parteikampien
579 3790 610 3844 in
629 3790 693 3874 Cor·
748 3792 905 3861 schlagung
931 3791 1107 3847 offentlieher
1129 3791 1233 3848 Gelder
1258 3810 1306 3848 an·

130 3861 693 4016 sessiacensem&
747 3862 893 4022 “tn
907 3950 1019 4007 ss,
1033 3952 1307 4008 aarum

130 4001 208 4057 Weil
225 4020 285 4056 nun
297 4002 462 4074 Mnasippns
480 4003 526 4058 dre
544 4002 694 4073 Corcyraar
746 4022 879 4077 bekannt,

129 4073 197 4128 hart
223 4072 392 4143 bedrtngte,
419 4076 514 4130 wurde
540 4073 612 4130 auch
637 4092 692 4131 von

131 4144 187 4198 sen
217 4145 363 4199 laenam
399 4146 445 4201 ein
479 4145 608 4215 Hmszug
644 4146 692 4200 se·
785 4129 805 4200 ¹)
831 4127 926 4199 Nenos
954 4128 1042 4184 denkt
1069 4130 1226 4200 sseruups
1253 4149 1306 4186 nur

131 4214 285 4270 seriores.
314 4215 479 4272 Timotheus
493 4217 576 4272 sone
590 4215 694 4271 wieder
746 4217 783 4254 ²11
809 4201 905 4267 duces,
936 4201 1016 4282 nicht
1043 4202 1115 4283 aues
1142 4218 1179 4255 ²11
1209 4219 1305 4283 {eresi

129 4303 178 4338 um
193 4286 239 4341 die
252 4284 427 4357 Peloponnes
445 4287 541 4357 ,egeln
554 4287 612 4340 und
626 4286 693 4342 cor.
746 4273 825 4325 sonat
844 4277 918 4327 ware
937 4289 996 4326 sein
1010 4271 1100 4327 Urtcil
1117 4272 1304 4330 fibertueben.

131 4372 199 4424 cyra
217 4359 368 4426 entsetzen,
386 4359 492 4414 konnte
511 4360 578 4414 aber
595 4373 693 4429 wegen
784 4359 805 4430 ²)
823 4359 1109 4431 „Zusammenhang“.

1499 4324 1500 4387 l

1497 4494 1499 4567 l
