3028 4908
522 208 607 262 xxss.
635 207 836 263 HANNJBAL.
862 213 885 262 x.
905 213 930 264 s.
1267 209 1308 273 81

39 450 40 453 Ἴ
142 368 358 459 oppressitffi).
393 370 588 435 Hadrumeti
601 370 742 455 reliquos
763 393 801 435 ex
815 370 893 456 fuga
907 371 1053 455 collegit:
1073 371 1166 436 novis
1186 371 1311 436 dilecti-

142 462 201 525 bus
226 461 336 543 paucis
360 459 472 524 diebus
495 461 615 524 multos
639 460 808 524 contraxit.

230 547 302 613 VII
321 546 403 613 Cum
417 550 452 612 in
466 548 651 631 apparando
659 546 697 631 19)
713 548 866 613 acerrime
880 551 966 613 esset
980 553 1165 634 occupatus,
1181 550 1221 629 [a.
1227 550 1308 629 201]
1331 565 1345 611 1

39 690 41 699 ,
143 637 428 722 Carthaginienses
443 636 563 701 bellum
579 660 652 702 cum
664 637 820 702 Romanis
834 641 1095 721 composuerunt.
1130 637 1189 701 Ille
1207 638 1310 702 nihilo

143 728 244 791 setius
266 727 363 790 rebus
390 726 426 790 in
448 725 560 791 Africa
588 729 702 809 postea
725 726 866 809 praefuit
890 747 992 810 usque
1016 726 1057 790 ad
1079 725 1113 790 P.
1133 724 1311 810 Sulpicium

143 813 178 879 C.
195 814 365 878 Aurelium
390 816 548 879 consules.
583 813 644 879 His
668 815 756 879 enim
778 814 1025 900 magistratibus
1048 816 1150 899 legati
1173 815 1215 898 [a.
1230 816 1346 896 200]a

142 902 426 988 Carthaginienses
466 903 604 967 Romam
645 908 820 986 venerunt,
862 903 918 987 qui
960 904 1086 968 senatui
1127 903 1312 988 populoque

142 992 290 1058 Romano
314 993 438 1077 gratias
462 997 612 1076 agerent,
635 993 720 1076 quod
744 1014 816 1056 cum
839 992 919 1075 ipsis
942 1013 1055 1074 pacem
1078 993 1245 1069 fecissent,
1269 993 1311 1056 ob

39 1096 40 1113 ²
143 1103 278 1165 eamque
300 1102 369 1144 rem
393 1103 512 1145 corona
536 1102 632 1145 aurea
656 1103 710 1146 eos
730 1081 889 1146 donarent
912 1081 1072 1165 simulque
1095 1086 1253 1165 peterent,
1275 1085 1313 1145 ut

143 1170 271 1234 obsides
290 1170 435 1254 ipsorum
450 1169 607 1254 Fregellis
626 1174 734 1235 essent
753 1170 934 1253 captivique
953 1166 1216 1255 redderenturw).
1250 1170 1311 1234 His
1330 1186 1346 1234 a

144 1281 183 1323 ex
216 1263 347 1322 senatus
384 1259 531 1323 consulto
567 1279 759 1342 responsum
792 1262 855 1322 est:
890 1279 1007 1322 munus
1040 1280 1150 1323 eorum
1182 1262 1311 1343 gratum

39 1350 40 1353 ’
144 1352 376 1431 acceptumque
395 1368 480 1431 esse,
504 1346 641 1431 obsides,
660 1370 724 1431 quo
739 1348 811 1411 loco
829 1351 993 1431 rogarent,
1010 1346 1148 1430 futuros,
1166 1348 1311 1430 captivos

144 1458 178 1500 sc
191 1457 257 1500 non
275 1436 477 1518 remissoros,
493 1435 577 1519 quod
595 1436 645 1499 illi
659 1434 888 1519 Hannibalem,
904 1435 993 1500 cuius
1009 1458 1107 1518 opera
1126 1440 1312 1519 susceptum

144 1525 264 1589 bellum
287 1525 386 1606 foret,
408 1524 667 1595 inimicissimum
690 1524 814 1589 nomini
836 1524 1000 1607 Romano,
1024 1525 1216 1589 etiamtum
1239 1547 1313 1589 cum

142 1614 278 1696 imperio
312 1613 396 1697 apud
428 1614 602 1678 exercitum
634 1612 803 1677 baberent.
854 1612 924 1689 Quo
956 1635 1112 1697 responso
1141 1612 1349 1697 Carthagi-4

39 1700 40 1709 ’
118 1702 273 1781 ¹nienses
296 1700 427 1786 cognito
445 1700 664 1766 Hannibalem
685 1700 815 1766 domum
838 1708 1038 1766 revocarunt.
1074 1701 1125 1767 Eo
1148 1706 1186 1766 ut
1204 1703 1313 1783 rediit,

143 1811 201 1854 rex
232 1791 337 1855 factus
370 1793 432 1873 est,
464 1794 639 1874 postquam
671 1794 801 1874 praetor
832 1790 954 1872 fuerat,
987 1814 1071 1856 anno
1106 1791 1245 1856 secundo
1279 1796 1313 1855 et

146 1880 314 1944 vicesimo:
336 1883 373 1942 ut
396 1880 480 1942 enim
505 1879 629 1944 Romae
652 1879 810 1962 consules,
834 1879 879 1943 sic
899 1876 1097 1965 Carthagine
1120 1879 1218 1944 annui
1242 1879 1314 1944 bini

143 1965 281 2052 reges21)
311 1968 512 2032 creabantur.
556 1966 597 2032 In
625 1990 663 2033 eo
691 1968 886 2052 magistratu
913 1990 970 2051 per
998 1990 1100 2033 annos
1130 1970 1349 2053 compluresc

144 2056 333 2121 continuato
357 2057 427 2138 pari
456 2056 627 2139 diligentia
650 2078 684 2120 se
708 2056 873 2120 Hannibal
896 2058 1059 2139 praebuit,
1087 2080 1124 2122 ac
1151 2058 1257 2122 fuerat
1279 2058 1314 2121 in

144 2144 241 2209 bello.
286 2142 435 2227 Namque
468 2145 574 2209 effecit
601 2146 670 2208 sine
698 2145 791 2209 novis
814 2145 1027 2229 vectigalibus
1054 2167 1120 2210 non
1148 2145 1254 2211 solum
1277 2152 1315 2210 ut

145 2236 232 2298 esset
254 2233 390 2316 pecunia
413 2255 495 2317 quae
518 2233 673 2298 Romanis
697 2255 736 2296 ex
758 2233 887 2298 foedere
909 2233 1110 2316 penderetur,
1134 2234 1189 2298 sed
1214 2234 1311 2298 etiam

130 2327 182 2394 ‚ut
200 2325 393 2407 superesset,
411 2344 492 2406 quae
510 2323 544 2386 in
563 2324 689 2386 aerario
707 2327 924 2406 reponeretur.
961 2320 1094 2407 Deinde,
1113 2322 1156 2387 M.
1176 2321 1312 2390 Claudio
1333 2338 1348 2385 6

143 2410 178 2475 L.
188 2409 287 2475 Furio
307 2411 504 2493 consulibus,
517 2411 625 2476 Roma
638 2412 740 2496 legati
754 2409 985 2495 Carthaginem
1000 2416 1166 2476 venerunt.
1183 2414 1224 2493 [a.
1236 2413 1312 2495 196]

144 2498 233 2574 Quos
251 2498 420 2563 Hannibal
443 2499 494 2563 sui
518 2500 711 2582 exposcendi
735 2499 843 2584 gratia
866 2499 982 2564 missos
1004 2504 1106 2584 ratus,
1124 2501 1313 2585 priusquam

143 2588 184 2652 iis
208 2593 339 2652 senatus
363 2588 503 2672 daretur,
524 2610 641 2653 navem
662 2589 746 2653 clam
765 2585 995 2674 conscendit22)
1019 2594 1116 2671 atque
1135 2590 1170 2652 in
1189 2587 1313 2674 Syriam

145 2677 185 2740 ad
200 2677 401 2741 Antiochum
420 2676 570 2761 perfugit.
606 2676 678 2742 Hac
700 2699 735 2741 re
753 2678 862 2760 palam
881 2676 966 2741 facta
980 2677 1080 2742 Poeni
1104 2699 1202 2743 naves
1226 2680 1315 2764 duas,
1335 2693 1350 2740 7

144 2787 227 2849 quac
242 2788 314 2829 eum
334 2765 651 2848 comprehenderent,
666 2765 694 2831 si
707 2770 842 2850 possent
860 2765 1022 2849 consequi,
1037 2766 1209 2831 miserunt:
1228 2769 1316 2850 bona

107 2904 112 2912 .
146 2855 216 2917 eius
248 2854 467 2938 publicarunt,
499 2855 630 2919 domum
662 2878 682 2919 a
714 2854 933 2919 fundamentis
967 2855 1176 2939 disiecerunt,
1208 2857 1315 2940 ipsum

145 2943 288 3006 exsulem
312 2942 503 3007 iudicarunt.

216 3098 218 3102 .
237 3031 324 3095 VIII.
347 3032 393 3095 At
406 3031 572 3096 Hannibal
591 3053 676 3096 anno
694 3033 802 3117 tertio,
814 3035 987 3116 postquam
1001 3032 1097 3098 domo
1114 3034 1314 3119 profugerat,
1336 3048 1350 3095 1

144 3118 182 3183 L.
194 3118 345 3184 Cornelio
362 3120 398 3195 Q.
409 3119 551 3184 Minucio
569 3121 766 3201 consulibus,
781 3142 853 3184 cum
874 3121 1015 3205 quinque
1029 3122 1166 3187 navibus
1183 3124 1223 3202 [a.
1235 3123 1312 3204 193]
1427 3132 1431 3140 “

145 3208 291 3271 Africam
314 3206 497 3295 accessit2³)
520 3209 556 3272 in
578 3210 696 3273 finibus
721 3207 969 3294 Cyrenaeorum,
993 3211 1020 3274 si
1043 3211 1127 3275 forte
1147 3209 1316 3297 Cartbagi-

144 3296 273 3360 nienses
298 3295 338 3360 ad
361 3296 481 3361 bellum
504 3302 639 3381 possent
660 3297 767 3362 induci
791 3298 947 3363 Antiochi
971 3321 1028 3382 spe
1050 3300 1240 3384 fiduciaque,
1264 3301 1315 3364 cui

145 3386 212 3448 iam
234 3391 450 3468 persuaserat,
473 3390 509 3450 ut
528 3407 601 3450 cum
625 3387 818 3451 exercitibus
841 3388 875 3451 in
894 3387 1026 3452 Italiam
1049 3388 1314 3471 proficisceretur.

182 3523 215 3592 18)
233 3521 295 3575 Den
317 3522 367 3576 ihn
395 3522 593 3593 vertolgendcn
616 3524 700 3578 Masi·
755 3524 869 3580 Celsein
900 3544 933 3580 au
965 3524 1064 3580 bitten.
1110 3524 1163 3580 Die
1194 3526 1314 3596 dbrigcn

141 3594 218 3648 nissa
245 3593 298 3648 mit
325 3593 421 3648 seinen
448 3594 613 3649 Numidiam
641 3595 702 3649 liele
756 3595 869 3651 Geiseln
892 3597 1007 3650 wollten
1030 3596 1070 3650 sie
1092 3597 1192 3650 andere
1219 3597 1317 3668 aufge·

39 3652 40 3721 i
141 3664 286 3720 Hannibal
311 3663 481 3720 vorbeieilen
504 3665 562 3719 und
585 3664 702 3720 dberfiel
756 3666 848 3721 hohen
866 3667 977 3721 wissen.

39 3738 41 3795 l
142 3737 183 3789 sie
203 3736 278 3790 dann
295 3739 335 3792 im
353 3735 477 3791 Rdcken.

795 3772 818 3802 21
925 3772 931 3783 ·
1015 3772 1021 3784 “
1099 3772 1106 3784 ”

141 3806 703 3957 „sssslqAfflCSss‘fff,ffifflfflleiliul
756 3773 1318 3913 cil,ltftla‘lflfltlfflufttl

141 3965 183 4001 1m
202 3946 382 4006 Gerundium,
756 3914 894 4040 ffelffippr)
913 3920 1072 3984 genanntcn
1086 3917 1216 3971 obersten
1230 3915 1315 3971 Civil-

181 4018 215 4087 co)
234 4019 476 4075 Wahrscbeinlieb
489 4020 589 4075 hatten
602 4019 642 4074 sie
657 4020 702 4073 die
868 4006 895 4042 ¹¹·

39 4134 40 4137 η
141 4093 217 4144 crete
254 4090 325 4144 Rata
361 4090 410 4145 des
446 4090 521 4145 bcim
556 4090 701 4145 Friedens·
795 4073 828 4144 ²²)
848 4073 915 4127 Diffi
942 4075 979 4128 5³¹⁵
1006 4074 1056 4129 der
1082 4075 1223 4130 fibllsshflle
1245 4076 1316 4129 3¹¹⁸·

39 4180 40 4197 *
141 4160 703 4230 schlussedenKarthagernauferlegtsn
756 4145 852 4199 dfflssk·
889 4145 965 4200 Ab&
991 4146 1021 4199 5¹²
1042 4161 1144 4200 navem
1167 4145 1316 4227 θςῦθθῦἆθῐθ

39 4222 41 4281 }
142 4231 274 4287 Tributes
288 4251 322 4287 zu
335 4231 523 4300 tiberbringcn
536 4232 702 4301 undjeden·
757 4217 833 4272 Slehl
851 4215 947 4272 Them·
967 4216 1042 4285 Vllb
1062 4224 1085 4272 6·
1122 4215 1212 4272 Alfflb·
1231 4217 1280 4287 IV,
1300 4225 1336 4309 3,

141 4302 208 4357 falls
230 4302 310 4358 nicht
331 4320 379 4357 um
402 4303 553 4372 Itdckgabe
577 4303 627 4355 der
651 4302 701 4356 Ge·
756 4289 813 4341 und
831 4289 929 4356 Epam.
947 4287 996 4355 IV,
1015 4294 1040 4342 5·

140 4374 292 4442 fangenen,
311 4375 430 4429 sondern
449 4373 524 4428 eines
541 4374 634 4427 Tailes
653 4374 703 4427 der
795 4375 828 4444 ²⁸)
846 4376 927 4431 Anm.
946 4393 980 4429 zu
999 4377 1071 4430 Milt.
1091 4376 1117 4442 I,
1137 4381 1162 4430 4.

198 4470 330 4525 Carmana,
345 4472 466 4513 Cornelius
480 4473 563 4521 Nepos.
1088 4471 1103 4519 6
