3028 4908
85 226 93 237 .
216 175 260 241 60
613 174 700 231 XVII.
729 173 938 230 AGESILAUS.
962 180 988 230 4.

215 360 274 404 nes
297 360 434 424 usquam
458 359 492 403 se
515 342 669 403 moveret.
714 338 835 422 Magna
857 337 978 421 praeda
1001 336 1160 401 militibus
1183 338 1396 421 locupletatis

216 427 384 516 Ephesum
425 427 605 491 hiematum
646 426 821 490 exercitum
861 425 990 490 reduxit
1031 428 1130 510 atque
1165 426 1212 491 ibi
1253 426 1398 492 officinis

181 533 382 582 sarmorum
409 516 571 580 institutis
597 535 718 598 magna
746 515 841 578 indus
843 515 907 578 tria
933 513 1055 578 bellum
1083 515 1264 598 apparavit.
1311 513 1396 581 (lum

217 608 328 669 autern
345 608 475 687 tempus
498 606 587 667 esset
607 604 713 668 risum
737 604 848 688 copias
872 601 1041 666 extrahere
1064 624 1103 667 ex
1125 602 1232 668 hiber·
1253 605 1298 683 [a.
1313 604 1396 686 395]

216 693 352 776 naculis,
375 691 572 776 suspicatus,
595 692 623 755 si
629 712 724 775 ,quo
748 694 836 756 esset
857 689 920 755 iter
943 689 1096 774 facturus,
1117 691 1228 775 palam
1250 713 1398 774 pronun·

216 781 342 864 tiasset,
359 781 470 845 hostes
489 801 555 844 non
574 741 752 845 credituros
775 779 920 863 aliasque
943 779 1092 863 regiones
1110 779 1281 862 praesidiis
1302 801 1398 846 oceu-

215 873 273 953 pat
274 890 350 933 uros
373 890 478 954 neque
501 868 707 933 dubitaturos
736 867 824 932 aliud
847 889 882 932 se
906 889 976 932 esse
999 868 1164 933 facturum
1187 889 1225 933 ac
1247 890 1397 952 pronun-

215 957 345 1042 tiasset,
374 955 545 1022 Sardesit
531 960 640 1021 turum
669 977 703 1021 se
727 955 814 1021 dixit
860 955 969 1040 Atque
991 955 1227 1040 Tissaphernes
1259 959 1398 1023 eandem

179 1060 197 1109 4
217 1006 346 1110 Curram
370 1044 603 1110 defendendam
631 1066 676 1127 pu
677 1044 770 1110 tavit
813 1043 853 1107 In
877 1064 942 1127 quo
966 1066 1038 1110 cum
1068 1065 1141 1110 eum
1166 1046 1278 1128 opinio
1301 1045 1397 1112 fefel-

216 1134 309 1199 lisset
325 1134 510 1218 victumque
535 1155 569 1199 se
589 1133 724 1199 vidisset
743 1116 892 1207 consilio,
918 1153 990 1197 sero
1012 1134 1080 1198 suis
1103 1133 1264 1217 praesidio
1287 1135 1397 1218 profe·

218 1225 289 1286 ctus
313 1227 374 1287 est.
419 1221 505 1288 Nam
528 1243 602 1288 cum
624 1221 682 1287 illo
705 1221 861 1299 venisset,
887 1221 952 1285 iam
976 1221 1151 1306 Agesilaus
1174 1222 1287 1287 multis
1311 1224 1396 1289 locis

181 1326 197 1375 c
218 1314 384 1397 expugnat
386 1311 413 1376 is
428 1332 550 1397 magna
564 1331 619 1375 era
619 1310 772 1395 tpraeda
786 1310 873 1392 petit
874 1331 921 1375 us.
952 1308 1112 1376 Lacot
1055 1315 1112 1377 aut
1113 1331 1161 1374 em
1181 1332 1254 1375 cum
1268 1311 1398 1376 rideret

215 1400 327 1464 hostes
356 1400 504 1485 equitatu
532 1419 699 1483 superare,
725 1419 901 1482 numquam
923 1397 959 1462 in
981 1419 1096 1481 campo
1120 1399 1169 1463 s'ui
1199 1399 1280 1464 fecit
1302 1403 1396 1483 pote·

216 1491 334 1553 statem
362 1494 396 1553 et
422 1488 463 1553 iis
490 1488 572 1553 locis
600 1509 734 1552 manum
766 1486 944 1569 conseruit,
976 1487 1093 1571 quibus
1120 1489 1194 1572 plus
1226 1488 1395 1571 pedestres

216 1577 329 1661 copiae
358 1578 512 1641 valerent.
556 1574 665 1641 Pulsis
694 1576 797 1659 igitur
825 1574 909 1658 apud
935 1572 1104 1640 Pactolum
1136 1575 1256 1641 flumen
1286 1577 1395 1643 multo

215 1666 394 1732 maioribus
419 1665 677 1730 adversariorum
701 1663 903 1747 equestribus
930 1663 1031 1747 copiis
1055 1665 1159 1729 sicin
1182 1664 1263 1730 Asia
1286 1687 1394 1731 versa

215 1757 270 1817 tus
293 1757 352 1837 est,
375 1756 412 1818 ut
436 1754 579 1818 omnium
603 1752 754 1835 opinione
777 1752 881 1816 victor
903 1751 1082 1819 duceretur.

181 1857 194 1903 1
304 1840 362 1907 IV.
395 1839 457 1904 Sed
480 1861 553 1905 cnm
576 1841 642 1904 iam
666 1840 775 1905 animo
799 1839 1011 1905 meditaretur
1033 1841 1069 1905 in
1086 1840 1203 1906 Persas
1226 1842 1394 1925 proficisci

216 1933 249 1993 et
270 1929 378 2013 ipsum
400 1948 510 2013 regem
534 1927 664 2011 adoriri,
685 1929 819 1993 nuntius
843 1928 873 1993 ei
897 1928 992 1993 domo
1016 1930 1106 1994 venit
1129 1929 1228 2013 epho·
1252 1932 1295 2010 [a.
1311 1931 1392 2014 394]

215 2039 326 2081 rorum
349 2017 466 2095 missu,
494 2017 616 2081 bellum
640 2017 855 2082 Athenienses
883 2020 916 2081 et
941 2015 1084 2083 Boeotos
1112 2017 1269 2082 indixisse
1293 2017 1394 2084 Lace·

181 2120 196 2168 2
217 2104 408 2170 daemoniis:
432 2126 531 2189 quare
549 2104 660 2170 venire
683 2126 724 2169 ne
744 2105 916 2170 dubitaret.
952 2104 991 2170 In
1014 2127 1078 2190 quo
1100 2128 1167 2172 uon
1189 2107 1298 2171 minus
1322 2109 1393 2174 eius

215 2193 320 2277 pietas
348 2193 551 2278 suspicienda
581 2197 632 2258 est
661 2214 759 2277 quam
787 2195 819 2258 in
853 2192 970 2258 ceteris
1002 2194 1099 2259 rebus
1129 2195 1233 2259 virtus
1263 2195 1392 2262 bellica.

214 2280 301 2348 Nam
320 2304 392 2347 oum
411 2282 528 2348 victori
546 2285 712 2367 praeesset
730 2282 886 2346 exercitui
905 2282 1144 2368 maximamque
1158 2284 1295 2348 haberet
1312 2285 1393 2350 fidu-

215 2371 299 2436 ciam
325 2371 420 2456 regni
447 2370 619 2436 Persarum
645 2371 808 2455 potiundi,
838 2373 931 2435 tanta
959 2372 1119 2435 modestia
1140 2371 1227 2437 dicto
1256 2373 1394 2439 audiens

214 2460 277 2525 fuit
304 2460 400 2525 iussis
429 2460 615 2525 absentium
646 2459 910 2543 magistratuum,
942 2463 979 2524 ut
1007 2461 1035 2524 si
1062 2459 1208 2544 privatus
1236 2461 1272 2525 in
1302 2463 1394 2527 curia

215 2553 301 2614 esset
328 2547 472 2632 Spartae.
518 2546 619 2613 (iuius
648 2547 829 2632 exemplum
856 2548 982 2612 utinam
1010 2549 1116 2613 nostri
1145 2548 1392 2637 imperatores⁸)

178 2651 195 2699 3
214 2638 307 2722 sequi
330 2637 521 2703 voluissent!
551 2633 614 2701 Sed
631 2637 710 2701 illuc
727 2635 904 2701 redeamus.
943 2636 1115 2722 Agesilaus
1139 2637 1393 2720 opulentissimo

213 2747 315 2809 regno
342 2725 531 2809 praeposuit
560 2726 679 2790 bonam
711 2725 981 2790 existimationem
1014 2724 1181 2810 multoque
1214 2727 1392 2810 gloriosius

214 2814 317 2894 duxit,
340 2814 368 2876 si
390 2814 551 2877 institutis
574 2814 700 2896 patriae
722 2813 894 2897 paruisset,
919 2835 1018 2896 quam
1042 2814 1070 2878 si
1093 2813 1180 2879 bello
1204 2822 1392 2898 superasset

178 2916 195 2963 4
216 2900 338 2965 Asiam.
375 2900 421 2965 nt
444 2921 508 2984 quc
532 2901 646 2964 melius
668 2900 865 2966 instructum
884 2902 1060 2967 exercitum
1080 2923 1189 2967 secum
1209 2903 1392 2989 abduceret,

213 2988 358 3072 praemia
389 2987 559 3073 proposuit
591 2991 624 3053 et
655 2987 751 3053 sociis
783 2989 985 3075 civitatibus,
1018 3012 1101 3075 quae
1130 2991 1326 3056 lectissimas
1359 2999 1393 3059 et

214 3076 441 3142 ornatissimas
465 3076 528 3142 sibi
556 3077 665 3162 copias
688 3077 868 3162 misissent,
896 3082 930 3143 et
952 3079 1226 3144 conducticiorum
1250 3079 1391 3146 ductori-

214 3165 289 3249 bus,
322 3165 351 3229 si
382 3166 438 3250 qui
472 3188 603 3231 suarum
636 3165 819 3231 cohortium
846 3168 897 3231 vel
931 3170 1049 3231 ornatu
1078 3168 1129 3232 rel
1157 3169 1391 3235 exercitatione

179 3270 195 3318 o
215 3253 329 3318 ceteris
352 3251 599 3342 praeterear).
646 3253 716 3329 Quo
740 3254 828 3321 facto
851 3254 1102 3340 Hellespontum
1126 3254 1238 3340 copias
1261 3257 1394 3324 traiecit

214 3345 370 3427 tantaque
398 3364 476 3408 usus
505 3347 555 3407 est
581 3343 760 3426 celeritate,
793 3348 843 3427 ut,
876 3345 962 3427 quod
990 3345 1054 3409 iter
1079 3343 1202 3410 Xerxes
1235 3349 1392 3428 quattuor

213 3432 379 3499 mensibus
403 3430 596 3515 confecerat,
618 3430 689 3514 ipse
712 3432 883 3497 transierit
902 3432 1041 3517 triginta
1064 3433 1186 3499 diebus.
1223 3431 1305 3497 Oum
1324 3435 1391 3500 iam

212 3520 300 3586 haud
323 3521 372 3587 ita
389 3522 487 3608 longe
506 3520 636 3586 abesset
660 3519 930 3605 aPeloponneso,
949 3521 1107 3586 obsistere
1131 3522 1161 3585 ei
1182 3521 1292 3586 conati
1315 3530 1392 3588 sunt

214 3608 433 3675 Athenienses
456 3613 490 3675 et
512 3608 641 3675 Boeotii
664 3610 826 3692 ceterique
849 3630 960 3674 eorum
984 3610 1063 3675 socii
1086 3609 1172 3694 apud
1190 3608 1390 3677 Coroneam:

251 3834 273 3902 ⁸)
292 3833 387 3904 Nepos
416 3836 468 3891 hat
499 3835 649 3891 besonders
678 3833 777 3889 casare
830 3834 1024 3904 Besatanngen
1063 3834 1092 3890 iu
1126 3834 1180 3890 den
1212 3835 1391 3893 kleinasiati—

212 3853 475 3974 Unffigsamlreit
466 3924 506 3961 rm
537 3907 622 3961 Jahre
651 3911 687 3959 49
719 3906 776 3960 und
830 3904 1178 3961 schenGriechenstadten
1191 3907 1391 3964 aurficklasscn

213 3976 263 4030 des
282 3975 422 4030 Antonius
440 3975 657 4046 Ergenmbohtig
658 3975 745 4030 lxeit
735 3993 776 4030 ιιιι
829 3974 942 4031 musste.
975 3975 1039 4031 Und
1055 3975 1343 4034 hieraurerwendete
1361 3996 1392 4034 er

211 4047 296 4102 Jahre
315 4051 351 4101 44
373 4044 414 4100 im
432 4045 521 4118 Auge.
558 3995 659 4102 Beidega
681 4046 776 4101 fchrre
828 4045 914 4100 meist
936 4045 1013 4100 aeine
1031 4044 1202 4114 Veteranen,
1226 4048 1291 4103 weil
1313 4049 1390 4105 mese

214 4135 248 4172 zu
266 4116 500 4189 Burgerlrriegen.
830 4117 891 4172 sich
904 4116 1122 4198 weniggeueigt
1136 4134 1166 4172 ae
1265 4118 1391 4176 danhie-

828 4186 946 4256 herigen
972 4186 1179 4271 Kriegssohaup
1192 4189 1303 4244 atara
1268 4207 1391 4246 arr-ver

250 4257 345 4328 ⁹)Die
371 4274 444 4313 neue
470 4257 601 4340 Rhatung
627 4275 685 4314 war
711 4259 775 4313 not-
828 4258 923 4313 lassen
945 4258 1003 4312 und
1026 4274 1117 4328 gegen
1140 4258 1201 4313 ihre
1219 4258 1390 4317 Landsleute

214 4328 342 4397 wendig,
384 4328 448 4384 weil
489 4327 639 4400 Agesilaus
680 4328 775 4384 starke
828 4327 859 4383 in
877 4329 927 4383 der
945 4327 1060 4383 Haimat
1077 4347 1111 4383 au
1127 4328 1270 4399 hempfen.
