3028 4908
209 187 255 252 35
692 183 726 239 n
753 183 851 238 mou.
874 191 900 239 a.

210 348 352 415 nesciret
374 354 408 411 et
425 368 581 431 quorsum
599 346 774 412 eraderent
791 346 930 430 timeret,
950 344 1121 429 Callippus
1138 346 1281 430 quidam,
1303 346 1391 411 civis

212 436 437 518 Atheniensis,
465 437 523 520 qui
551 436 648 501 simul
677 458 752 501 cum
780 457 820 501 eo
849 457 890 500 ex
917 435 1141 520 Peloponneso
1172 436 1208 500 in
1237 433 1391 500 Siciliam

211 534 361 611 venerat,
386 525 485 590 homo
507 530 542 590 et
562 526 700 591 eallidus
721 530 756 589 et
777 524 819 589 ad
840 524 989 589 fraudem
1017 520 1193 610 acutus²⁶),
1219 526 1291 588 sine
1317 524 1391 589 nlla

175 633 193 683 a
211 616 369 701 religione
382 634 420 679 ac
437 612 510 697 fide,
523 613 593 679 adit
609 614 650 678 ad
664 613 805 679 Dionem
823 618 858 678 et
876 614 938 677 ait:
960 635 1035 678 eum
1051 634 1173 698 magno
1189 610 1389 699 periculo²⁷)

211 726 283 771 esse
305 708 440 787 propter
457 703 670 768 offensionem
691 703 806 786 populi
823 708 858 766 et
874 701 985 767 odium
1008 702 1161 785 militum,
1181 701 1268 787 quod
1289 702 1389 767 nullo

211 792 308 858 modo
332 792 454 856 evitare
480 797 605 876 posset,
626 792 694 857 nisi
715 791 815 856 elicui
843 813 976 856 suorum
1006 792 1175 875 negotium
1199 790 1306 872 daret,
1328 791 1390 875 qni

212 970 358 1036 omnium
380 967 508 1035 ammos
531 969 738 1054 cogniturum
760 969 1028 1052 adversariosque
1049 968 1272 1045 sublaturum,
1297 967 1390 1052 quod
1502 1048 1503 1059 ἵ

177 1056 336 1124 ainimici
362 1057 448 1121 idem
475 1058 630 1122 sentienti
657 1079 734 1122 suos
760 1079 874 1121 sensus
901 1057 1047 1140 aperturi
1076 1057 1194 1121 forent.
1238 1055 1389 1122 Consilio

213 1147 350 1231 probato
373 1146 496 1229 excipit
517 1147 578 1211 has
600 1150 710 1231 partes
731 1146 803 1230 ipse
825 1145 995 1228 Callippus
1017 1150 1108 1210 etse
1131 1149 1238 1210 srmst
1265 1147 1390 1229 impru-

213 1236 324 1300 dentia
351 1234 477 1300 Dionis.
521 1235 672 1320 Namque
703 1235 744 1299 ad
773 1256 847 1299 eum
877 1234 1139 1299 interlieiundum
1170 1230 1277 1298 s'ocios
1309 1255 1388 1298 con·

176 1329 327 1478 ‘tttb
344 1323 815 1478 ttttttttffi
824 1326 1088 1495 tttitttt
1097 1322 1390 1495 ffliuffl,

213 1523 408 1588 uxoremque
423 1501 556 1566 Areten.
581 1501 662 1566 Illae
674 1503 792 1566 timore
811 1501 1003 1584 perterritae
1022 1496 1274 1586 conveniuntw),
1293 1499 1388 1565 cuius
1502 1508 1503 1553 ἑ

179 1591 254 1658 ode
276 1590 420 1677 periculo
443 1591 613 1654 timebant
657 1590 706 1654 At
726 1590 785 1654 ille
810 1595 911 1673 negat
932 1611 954 1653 a
976 1587 1128 1672 Callippo
1150 1589 1223 1653 fieri
1249 1589 1314 1653 sibi
1335 1590 1388 1653 in·

78 1755 83 1765 Ι
214 1680 324 1764 sidiar,
347 1678 404 1744 sed
425 1677 492 1761 illa,
515 1700 598 1762 quae
622 1686 806 1764 agerentur,
827 1678 898 1742 fieri
920 1683 1095 1762 praecepto
1118 1700 1186 1742 suo.
1230 1676 1388 1743 Mulieres

213 1767 318 1832 nihilo
350 1766 451 1830 setius
483 1764 665 1849 Callippum
701 1768 737 1831 in
766 1766 878 1831 aedem
909 1765 1123 1851 Proserpinae
1154 1766 1317 1831 deducunt
1347 1788 1389 1832 ac

214 1853 805 2029 studuimus
821 1854 1129 2009 futuwt
1152 1855 1389 2009 bustu

216 2031 333 2097 citatus
361 2036 424 2115 est,
451 2031 604 2116 ueprius
633 2033 804 2098 consilium
831 2034 1024 2117 aperiretur,
1053 2055 1150 2117 quam
1173 2036 1292 2099 conatu
1318 2055 1391 2116 per-

216 2120 354 2185 fecisset.

180 2227 196 2276 1
302 2206 359 2274 lx
400 2206 472 2274 Hac
498 2215 606 2276 mente
632 2211 782 2296 proximo
804 2211 858 2275 die
879 2210 977 2294 festo,
1005 2232 1078 2275 eum
1101 2232 1121 2275 a
1143 2232 1217 2276 con-
1250 2211 1293 2290 [a.
1307 2210 1389 2291 353]

215 2301 314 2364 ventu
338 2319 373 2363 se
396 2303 557 2366 remotum
579 2299 665 2365 Dion
689 2300 777 2364 domi
798 2302 923 2364 teneret
946 2305 1044 2383 atque
1070 2300 1105 2362 in
1128 2299 1275 2364 conclavi
1298 2298 1386 2363 edito

214 2387 428 2471 recubuisset,
457 2390 596 2455 consciis
627 2388 782 2453 facinoris
815 2388 888 2455 loca
919 2388 1097 2453 munitiora
1127 2387 1239 2472 oppidi
1269 2387 1389 2451 tradit:

214 2477 346 2543 domum
375 2477 564 2544 custodibus
594 2478 701 2562 saepit
730 2476 963 2543 coniurationis
992 2477 1117 2561 ignaris
1125 2473 1180 2562 ²⁹),
1210 2499 1230 2540 a
1257 2475 1388 2541 foribus

181 2565 270 2651 aqui
298 2587 366 2631 non
393 2564 572 2652 discedant,
600 2570 705 2632 certos
728 2566 768 2631 de
795 2567 863 2630 suis
890 2566 1053 2650 praeficit:
1082 2587 1198 2631 narem
1220 2566 1390 2629 triremem

215 2654 350 2720 armatis
370 2660 466 2721 ornat
479 2656 757 2741 Philostratoquc‚·
767 2655 862 2720 fratri
881 2677 950 2738 suo,
967 2655 1069 2720 tradit
1082 2675 1217 2739 eamque
1235 2653 1270 2718 in
1290 2657 1390 2737 portu

216 2742 343 2826 agitare
369 2741 473 2826 iubet,
500 2746 590 2809 velut
617 2746 647 2809 si
675 2765 821 2809 exercere
849 2744 989 2829 remiges
1012 2744 1123 2829 vellet,
1151 2743 1180 2807 si
1202 2742 1288 2806 forte
1311 2764 1389 2807 oon·

216 2830 296 2897 siliis
315 2828 496 2896 obstitisset
513 2833 654 2918 fortune,
675 2837 714 2897 ut
730 2833 874 2916 haberet,
893 2855 957 2916 qua
977 2833 1108 2917 fugeret
1126 2832 1167 2897 ad
1191 2827 1391 2917 salutem⁸⁰).

180 2936 198 2987 8
217 2915 401 3003 fluorumffl)
421 2924 529 2985 autem
548 2942 565 2984 e
584 2942 718 2986 numero
732 2918 974 3007 Zacynthios³²)
993 2921 1214 2987 adulescentes
1228 2920 1390 3003 quosdam

216 3006 308 3092 eligit
335 3027 409 3070 eum
437 3009 668 3074 audacissimos
695 3016 765 3073 tum
788 3009 912 3075 viribus
935 3009 1098 3086 maximis,
1120 3010 1225 3093 iisque
1248 3008 1306 3073 dat
1333 3030 1389 3072 ne-

217 3094 352 3181 gotium,
370 3096 410 3160 ad
425 3095 564 3162 Dionem
583 3102 660 3162 eant
676 3098 824 3181 inermes,
844 3098 889 3163 sic
907 3103 945 3163 ut
963 3098 1177 3163 conveniendi
1191 3098 1260 3162 eius
1279 3097 1390 3182 gratia

182 3182 401 3252 uiderentur
421 3186 540 3252 venire.
586 3185 648 3262 Qui
674 3191 810 3272 propter
832 3188 983 3252 notitiem
1007 3209 1027 3251 a
1049 3186 1236 3252 custodibus
1246 3183 1286 3270 83)
1310 3189 1391 3250 sunt

216 3271 405 3343 intromissi.
433 3275 479 3339 At
497 3275 545 3339 illi
563 3281 600 3339 ut
619 3276 717 3341 limen
734 3275 910 3360 intrarunt,
928 3276 1053 3342 foribus
1072 3275 1231 3341 obseratis
1250 3275 1285 3338 in
1303 3275 1388 3340 lecto

253 3426 290 3498 ¹⁰)
309 3426 434 3486 Callidus
448 3429 535 3486 durch
549 3418 660 3501 llbuug,
674 3435 773 3487 scutus
864 3433 898 3502 31)
920 3432 972 3488 Die
991 3433 1153 3486 erwthnten
1175 3431 1306 3512 custodes
1335 3433 1390 3489 mit

217 3500 389 3640 Volleddlg'
408 3591 442 3630 au
461 3573 516 3629 Dat
538 3572 563 3628 V
588 3580 604 3629 3
825 3505 988 3629 Pdddaltlldirii
1006 3503 1082 3627 ihddi
1104 3503 1388 3629 lithaheilleecsllmlllldhduid3

255 3612 773 3716 2⁸)Dudbjsltaus'dein1tentiv-
826 3647 930 3728 nahme
966 3592 1015 3700 dds
1046 3644 1233 3700 Philostratus
1265 3644 1387 3700 wulsten

219 3714 296 3767 satae
311 3731 353 3794 'su
376 3722 512 3840 erptnaen
550 3716 600 3773 wie
620 3715 671 3786 IX,
690 3723 706 3772 5
725 3717 774 3772 der
827 3719 922 3799 nichts
938 3732 994 3772 von
1012 3716 1060 3771 der
1075 3716 1307 3785 Verschwbrung.
1331 3715 1388 3772 Ds-

219 3781 346 3838 Genetiv.
382 3784 492 3841 Eenso
511 3758 574 3843 llut.
594 3787 628 3856 V,
648 3794 670 3842 1.
827 3788 877 3841 her
895 3787 972 3842 diese
993 3787 1205 3857 Wortstellung.

255 3851 280 3885 ss
338 3854 344 3866 ·
686 3858 692 3870 ’

219 3852 792 3998 obsecuturi&triduis-
866 3893 900 3963 Ζ)
929 3893 990 3948 u
1011 3893 1169 3963 ΖΖΖΖΖ
1187 3911 1245 3949 u
1268 3892 1314 3948 ΖΖ
1332 3892 1386 3947 Ζ·

220 3996 274 4051 den
301 3996 422 4069 Austmg
461 3998 563 4055 heim
587 4000 775 4055 Bmffneten
828 3963 957 4033 pedition
971 3981 1018 4017 nur
1033 3963 1182 4034 Befreiung
1195 3970 1250 4018 don
1266 3963 1386 4033 Syrscus

220 4065 400 4124 einaulsssen.
425 4040 558 4151 ’Zugleicb
572 4072 699 4126 erschien
713 4070 774 4125 Cal·
829 4050 1035 4105 ausgessangen'

218 4136 313 4209 lippus
338 4139 426 4195 durch
453 4140 528 4196 drese
554 4141 706 4211 Malsregel
733 4143 775 4196 als
865 4140 900 4211 ⁸⁸)
919 4140 975 4196 Der
993 4142 1092 4197 Zusetz
1111 4159 1129 4196 u
1147 4141 1309 4198 custodibus
1328 4159 1386 4198 war

218 4208 329 4265 Freund
347 4211 396 4266 des
414 4210 495 4267 Dion.
828 4213 920 4285 ndtig‚
940 4213 1029 4267 damit
1051 4216 1082 4268 ut
1100 4213 1144 4268 illi
1167 4215 1210 4268 uls
1227 4212 1385 4281 Gegensats

257 4279 291 4351 80)
310 4281 563 4353 Vulgtrausdruclr.
587 4283 651 4355 Vgl.
667 4281 724 4338 Oic.
738 4284 774 4336 ad
828 4283 957 4364 lilerheit
978 4289 1121 4354 gewbnne.
1158 4284 1238 4339 Auch
1263 4289 1318 4358 §¹6
1343 4282 1386 4338 illi

219 4347 403 4421 Att.111‚1o=
422 4354 459 4409 ad
472 4354 592 4410 salutem
605 4354 773 4426 proficiscar.
828 4353 883 4423 ipsi
902 4357 1031 4412 custodes
1050 4354 1120 4410 wird
1140 4372 1170 4411 so
1188 4356 1289 4411 hlurer.
