3028 4908
332 1170 666 1256 PRAEFATIO
704 1168 1061 1257 SCRIPTORIS.

198 1390 274 1457 Non
297 1391 411 1457 dubito
435 1391 504 1456 fore
527 1387 745 1476 plerosquel),
772 1389 893 1474 Attice,
916 1392 972 1475 qui
994 1391 1057 1455 hoc
1080 1411 1183 1476 genus
1207 1395 1317 1458 scri-1

108 1486 226 1568 pturae
246 1483 315 1547 leve
333 1484 365 1545 et
383 1502 449 1545 non
468 1482 548 1545 satis
567 1481 702 1566 dignum
721 1500 922 1544 summorum
940 1481 1084 1545 virorum
1103 1479 1283 1566 personis²)

31 1574 33 1595 ³
108 1571 266 1654 iudicent,
289 1591 361 1634 eum
385 1569 524 1633 relatum
546 1569 671 1653 legent,
698 1566 771 1653 quis
801 1567 958 1631 musicam
986 1567 1130 1633 docuerit
1152 1568 1283 1653 Epami-

107 1658 264 1740 nondam,
292 1664 348 1723 aut
379 1658 414 1721 in
446 1656 515 1722 eius
542 1657 718 1722 virtutibus
751 1656 1010 1740 commemorari,
1039 1657 1175 1722 saltasse
1209 1680 1283 1722 eum

107 1747 275 1814 commode
304 1747 506 1830 scienterque
534 1746 624 1810 tibiis
653 1750 809 1810 cantasse.
857 1743 920 1809 Sed
947 1744 973 1808 ii
1001 1749 1097 1810 crunt
1122 1745 1203 1830 fere,
1226 1747 1318 1831 quia

108 1839 256 1921 expertes
274 1837 457 1900 litterarum
476 1834 674 1900 Graecarum
691 1833 774 1897 nihil
795 1836 929 1916 rectum,
947 1833 1013 1898 nisi
1032 1834 1118 1918 quod
1136 1834 1284 1918 ipsorum

108 1925 256 1989 moribus·
286 1924 471 2008 conveniat,
502 1924 675 2007 putabunt.
721 1921 784 1998 oui
812 1921 840 1986 si
868 1921 1040 1988 didicerint
1071 1944 1138 1988 non
1170 1924 1318 1989 cedema

108 2014 259 2078 omnibus
288 2033 358 2076 esse
386 2012 526 2076 honesta
554 2016 649 2095 atque
676 2011 799 2095 turpia,
823 2009 880 2074 sed
908 2011 1018 2075 omnia
1048 2012 1207 2076 maiorum
1234 2013 1282 2076 in-

108 2101 234 2166 stitutis
257 2100 408 2184 iudicari,
431 2121 497 2165 non
521 2100 769 2164 admirabuntur
792 2121 852 2163 nos
875 2098 910 2162 in
934 2098 1132 2165 Graecorum
1154 2101 1282 2166 virtuti-

107 2190 169 2254 bus
195 2188 392 2272 exponendis
413 2210 519 2253 mores
539 2209 650 2253 eorum
670 2191 806 2252 secutos.
833 2184 947 2271 Neque
966 2188 1052 2252 euim
1072 2186 1202 2253 Cimoni
1219 2189 1284 2253 fuit
1302 2205 1319 2253 4

108 2282 215 2361 turpe,
238 2277 487 2341 Atheniensium
511 2298 637 2342 summo
656 2277 735 2361 viro,
754 2297 899 2341 sororem
918 2273 1138 2362 germanam³)
1162 2277 1283 2343 habere

104 2366 143 2451 in
176 2366 402 2451 matrimonio,
430 2365 548 2450 quippe
576 2387 648 2430 cum
676 2366 760 2429 cives
791 2365 859 2428 cius
890 2364 1002 2429 eodem
1035 2368 1204 2430 uterentur
1235 2366 1283 2429 in·

107 2454 233 2519 stituto.
274 2453 321 2518 At
343 2453 377 2517 id
401 2454 529 2538 quidem
552 2454 673 2517 nostris
703 2452 848 2516 moribus
871 2451 962 2515 nefas
988 2451 1138 2516 habetur.
1179 2452 1283 2516 Laudi

106 2542 142 2605 in
166 2539 263 2607 Orata
286 2541 414 2606 ducitur
441 2540 689 2606 adulescentulis
714 2561 811 2623 quam
834 2540 991 2623 plurimos
1018 2539 1172 2604 habuisse
1196 2561 1283 2605 ama-

105 2635 205 2695 tores.
250 2627 351 2695 Nulla
378 2628 612 2692 Lacedaemoni
638 2627 736 2692 vidua
762 2631 832 2691 tam
860 2630 911 2691 est
939 2627 1075 2711 nobilis,
1103 2649 1185 2712 quac
1214 2651 1280 2694 non

63 2759 66 2766 -
108 2718 149 2782 ad
173 2739 286 2782 cenam
310 2720 364 2780 eat
386 2713 611 2803 condictam4).
647 2715 777 2801 Magnis
800 2716 835 2779 in
858 2715 1008 2780 laudibus
1032 2720 1104 2782 tota
1125 2717 1193 2782 fere
1216 2717 1317 2782 fuito

108 2802 277 2889 Graecial)
306 2804 461 2869 victorem
486 2804 655 2889 Olympiae
684 2804 790 2889 citari,
813 2805 848 2868 in
873 2826 1023 2869 scaenam
1046 2827 1122 2871 vero
1151 2806 1280 2890 prodire

107 2916 146 2960 ac
167 2894 289 2978 populo
313 2915 383 2957 esse
412 2895 596 2977 spectaculo
620 2894 741 2959 nemini
764 2894 798 2958 in
821 2892 923 2957 isdem
947 2894 1100 2978 gentibus
1127 2893 1190 2958 fuit
1212 2897 1282 2958 tur·

106 2983 256 3067 pitudini.
286 2981 375 3057 Quae
394 2983 504 3047 omnia
523 2984 607 3067 apud
626 3004 687 3048 nos
706 2983 826 3066 partim
845 2981 989 3066 infamia,
1007 2983 1127 3066 partim
1142 2983 1281 3047 humilia

109 3074 206 3156 atque
238 3073 279 3136 ab
310 3072 481 3136 honestate
515 3075 641 3136 remota
676 3074 851 3154 ponuntur.
897 3067 1020 3135 Contra
1052 3077 1090 3136 ea'
1126 3072 1316 3155 pleraquea

107 3161 231 3226 nostris
254 3161 400 3224 moribus
425 3162 501 3224 sunt
524 3159 649 3243 deeora,
673 3181 755 3244 quae
779 3157 865 3244 apud
887 3159 963 3224 illos
981 3160 1092 3243 turpia
1114 3164 1279 3244 putantur.

108 3248 211 3323 Quem
239 3249 323 3313 enim
347 3247 568 3313 Romanorum
591 3249 691 3330 pudet
713 3268 848 3312 uxorem
871 3247 986 3312 ducere
1013 3249 1048 3312 in
1070 3249 1281 3315 convivium?

108 3341 165 3401 aut
189 3338 280 3402 cuius
303 3358 371 3401 non
394 3337 661 3401 materfamilias
684 3337 824 3419 primum
842 3336 950 3401 locum
967 3340 1058 3400 tenet
1082 3336 1209 3401 aedium
1233 3341 1279 3401 at

107 3447 168 3509 que
191 3426 225 3490 in
249 3425 435 3490 celebritate
457 3426 629 3490 versatur?
663 3424 756 3501 Quod
779 3425 881 3489 multo
905 3425 943 3488 fit
962 3424 1058 3489 aliter
1080 3426 1114 3489 in
1134 3424 1279 3490 Graecia.
1300 3440 1315 3489 ‘1

106 3512 193 3578 Nam
215 3535 319 3598 neque
341 3516 376 3579 in
399 3514 580 3579 convivium
605 3513 776 3578 adhibetur
798 3513 861 3578 nisi
883 3513 1149 3597 propinquorum,
1172 3534 1278 3597 neque

108 3602 200 3666 sedet
216 3603 282 3666 nisi
300 3602 335 3665 in
353 3603 505 3667 interiore
524 3606 617 3687 parte
637 3601 773 3685 aedium,
792 3623 873 3685 quae
893 3602 1116 3685 gynaeconitis
1137 3600 1280 3685 appella-

106 3694 174 3770 tur,
198 3713 261 3775 quo
290 3712 385 3756 nemo
409 3691 532 3756 accedit
559 3691 624 3755 nisi
646 3690 832 3774 propinqua
854 3689 1049 3774 cognatione
1077 3690 1316 3755 coniunctus.8

146 3881 167 3950 ¹)
195 3879 290 3950 Nepos
317 3881 369 3935 hat
392 3883 465 3937 nach
489 3899 547 3937 non
570 3880 669 3937 dubito
724 3879 835 3936 erlaubt
857 3897 928 3949 war,
951 3880 1039 3935 sehen
1062 3879 1114 3937 wir
1136 3898 1186 3937 aus
1210 3881 1284 3937 Dion

107 3952 166 4006 fast
183 3950 283 4005 immer
301 3953 356 4007 den
375 3969 431 4007 aec.
445 3970 469 4008 c.
487 3952 576 4021 infin,
595 3952 669 4007 doch
723 3953 749 4022 1,
770 3956 794 4004 1.

108 4021 263 4092 einigemal
285 4022 358 4077 auch
381 4022 462 4092 quin,
485 4043 507 4078 a.
527 4025 558 4078 Β.
577 4025 667 4079 Hann.
759 4023 781 4092 ⁴)
809 4018 884 4076 Cena
907 4021 1038 4077 condicta
1064 4023 1102 4078 ist
1125 4024 1171 4078 ein
1193 4022 1283 4091 Mahl,

107 4093 157 4195 XI3
175 4097 200 4147 2.
237 4091 301 4162 Vgl.
320 4092 411 4176 Hann.
429 4094 466 4162 ΙΙ,
484 4101 509 4152 6.
544 4164 550 4176 ¹
610 4164 616 4177 ι
722 4110 756 4147 au
779 4093 843 4148 dem
860 4091 1057 4163 Einladungen
1080 4093 1214 4164 argehse,
1235 4096 1283 4148 ein

31 4306 32 4313 ἵ
108 4163 319 4358 spiplticrsona
338 4163 501 4359 drpyRollei
522 4166 568 4361 dpe
592 4180 669 4361 31)an
722 4163 1145 4362 veppbfipglrpzplslkemizevsglt?
1164 4235 1283 4360 Vppper,

107 4307 168 4430 diei
187 4321 513 4446 tibiildenlunichllodloss’
530 4351 561 4432 iri
573 4324 668 4434 Athabrl
721 4321 1283 4458 dblildddrweehlglldidenrudllilhwill

162 4473 294 4529 Onnum,
308 4475 428 4517 cornelius
442 4478 525 4525 Nepos.
1055 4470 1069 4518 1
