3028 4908
512 161 599 216 XXII.
626 161 827 218 HANNIBAL.
851 169 938 220 3.-t.
1267 165 1309 230 79

138 345 214 427 cum
234 320 396 425 quideml)
416 323 538 389 bellum
555 324 696 426 parabis,
714 328 747 389 te
765 326 872 409 ipsum
891 326 1108 411 frustraberis,
1127 328 1155 392 si
1172 349 1240 392 non
1258 350 1309 392 me

136 435 170 476 in
196 433 234 477 eo
258 433 437 495 prmcrpem
460 412 627 495 posueris'.

226 498 286 564 ΠΙ.
319 499 380 564 Illa
402 500 504 584 igitur
526 523 591 584 qua
614 501 753 566 diximus
777 505 882 567 aetate
906 525 978 568 cum
1000 507 1092 587 patre
1115 504 1150 568 in
1173 505 1215 585 [a
1228 505 1343 586 237]1

26 594 28 657 i
135 588 332 672 Hispaniam
346 588 509 672 profectus
527 594 590 655 est:
609 588 700 654 euius
713 594 791 673 post
808 591 943 676 obitum,
957 591 1160 656 Hasdrubale
1177 595 1218 673 [a.
1228 593 1307 674 229]

134 678 333 761 imperatore
353 677 497 759 suffecto,
515 678 674 761 equitatui
694 679 783 742 omni
800 679 951 763 praefuit.
979 679 1051 745 Hoo
1066 702 1192 764 quoque
1211 681 1308 745 inter·

26 768 28 835 ἰ
136 765 223 830 fecto
252 768 410 830 exereitus
433 787 594 831 summam
618 766 747 850 imperii
769 767 809 831 ad
839 788 912 833 eum
935 767 1061 833 detulit.
1105 767 1143 832 Id
1168 769 1209 849 [a.
1229 766 1306 855 221]

137 851 371 938 Carthaginem
392 853 535 919 delatum
554 853 681 938 publice
705 856 953 941 comprobatum
976 858 1035 921 est.
1072 854 1124 921 Sic
1141 855 1342 923 Hannibale

136 942 246 1006 minor
275 962 330 1006 sex
358 945 391 1006 et
418 942 535 1027 viginti
563 963 665 1008 annos
695 947 791 1008 natus
819 944 997 1029 imperator
1026 944 1132 1010 factus
1159 947 1308 1029 proximo

26 1016 28 1053 ²
136 1030 277 1094 triennio
308 1051 419 1095 omnes
452 1033 566 1116 gentes
598 1030 776 1113 Hispaniae
808 1032 895 1097 bello
931 1032 1080 1117 subegit:
1118 1031 1309 1119 Saguntum,

26 1170 27 1175 ,
135 1115 373 1204 foederatam⁸)
399 1118 579 1202 civitatem,
601 1121 632 1183 vi
656 1121 867 1204 expugnavit,
891 1125 959 1184 tres
983 1122 1141 1186 exercitus
1165 1122 1207 1202 [a.
1227 1121 1306 1202 219]

135 1206 296 1271 maximos
320 1208 530 1290 compararit.
568 1207 620 1272 Ex
637 1207 690 1272 his
708 1229 808 1273 unum
832 1209 866 1272 in
880 1206 1027 1272 Africam
1045 1209 1145 1292 misit,
1168 1210 1307 1274 alterum
1325 1228 1342 1276 a

26 1308 27 1375 j
136 1316 209 1359 aum
228 1294 434 1360 Hasdrubale
451 1295 553 1359 fratre
573 1297 606 1360 in
625 1294 787 1379 Hispania
809 1296 949 1381 reliquit,
971 1298 1105 1361 tertium
1123 1297 1158 1362 iu
1177 1297 1307 1361 Italiam

26 1378 27 1459 ξ
136 1403 246 1447 seeum
266 1383 365 1448 duxit.
402 1380 530 1448 Saltum
545 1383 747 1468 Pyrenaeum
766 1385 908 1449 transiit.
942 1382 1149 1469 Quacumque
1170 1388 1211 1466 [a.
1225 1386 1305 1465 218]

137 1470 201 1535 iter
222 1471 310 1553 feeit,
333 1492 406 1536 cum
430 1471 580 1537 omnibus
603 1472 717 1536 incolis
741 1472 899 1537 conflixit:
922 1473 1084 1537 neminem
1102 1474 1166 1537 nisi
1184 1473 1306 1539 victum

136 1559 270 1626 dimisit
317 1559 368 1623 Ad
391 1559 492 1644 Alpes
515 1564 728 1645 posteaquam
750 1561 848 1643 venit,
871 1582 953 1645 quae
978 1560 1109 1625 Italiam
1133 1562 1174 1626 ab
1199 1561 1342 1627 Galliac

136 1648 322 1733 seiungunt,
345 1670 425 1732 quas
447 1669 543 1713 nemo
565 1671 721 1733 umquam
744 1669 817 1713 eum
841 1650 982 1714 exercitu
1005 1653 1079 1714 ante
1103 1670 1176 1714 eum
1198 1654 1305 1713 trans·

132 1735 229 1820 ierat,
261 1733 394 1819 Alpicos
427 1740 580 1801 conantes
608 1759 642 1802 se
673 1737 845 1820 prohibere
876 1738 1016 1802 transitu
1047 1737 1201 1822 concidit,
1232 1738 1305 1802 loca
1341 1778 1344 1783 -

131 1825 304 1907 patefecit,
330 1825 449 1888 itinera
476 1825 608 1909 muniit,
635 1825 804 1909 effecitque
831 1828 869 1889 ut
891 1847 930 1889 ea
958 1826 1147 1909 elephantus
1171 1832 1304 1890 ornatus

131 1911 180 1975 ire
201 1915 404 1997 possetque
427 1916 523 1978 antea
545 1935 629 1977 unus
652 1915 751 1978 homo
773 1913 904 1978 inermis
924 1914 978 1978 vix
995 1917 1129 1998 poterat
1148 1911 1304 1999 repere9).

132 1999 205 2066 Hac
229 2001 340 2084 copias
362 2001 507 2066 traduxit
528 2001 563 2065 in
584 2000 778 2084 Italiamque
800 2001 956 2085 pervenit

222 2088 279 2153 IV.
312 2086 510 2154 Conflixerat
528 2089 612 2172 apud
630 2089 825 2154 Rhodanum
848 2111 920 2155 eum
940 2089 975 2153 P.
989 2086 1140 2155 Cornelio
1154 2089 1304 2174 Scipione
1325 2108 1338 2155 1

132 2178 264 2242 consule
302 2198 438 2261 eumque
474 2174 694 2263 populorum).
745 2173 828 2242 Cum
863 2177 976 2242 eodem
1013 2177 1098 2262 apud
1130 2177 1255 2242 Padum
1264 2177 1303 2264 11)

133 2265 278 2329 decernit
310 2268 518 2349 sauciumque
550 2266 624 2330 inde
656 2287 694 2331 aa
722 2265 871 2350 fugatum
899 2265 1044 2329 dimittit
1088 2265 1199 2330 Tertio
1229 2284 1338 2333 cuma

131 2352 217 2418 idem
246 2352 354 2438 Scipio
382 2375 454 2419 eum
486 2354 611 2439 collega
640 2354 689 2418 Ti.
712 2353 826 2437 Longo
859 2353 945 2439 apud
968 2353 1119 2418 Trebiam
1149 2354 1303 2419 adversus

131 2463 205 2506 eum
224 2441 376 2520 venisset,
399 2462 497 2506 manu
520 2446 669 2507 conserta
690 2439 890 2526 utrosqueffl)
913 2441 1111 2526 profligavit.
1146 2439 1226 2505 Inde
1245 2463 1303 2526 per

130 2529 267 2615 Ligures
277 2531 506 2615 Appenninum
529 2531 670 2613 transiit,
683 2534 797 2615 petens
809 2529 983 2594 Etruriam.
1017 2528 1089 2593 Hoc
1110 2530 1144 2593 in
1165 2531 1208 2609 [a.
1222 2531 1300 2611 217]
1321 2549 1337 2597 3

132 2618 249 2683 itinere
264 2616 343 2683 adeo
358 2619 450 2702 gravi
464 2620 578 2684 morbo
594 2619 744 2684 adficitur
757 2617 933 2700 oculorum,
947 2621 984 2682 ut
996 2620 1111 2701 postea
1125 2639 1302 2702 numquam

26 2704 27 2787 3
131 2706 245 2771 dextro
274 2728 375 2790 aeque
402 2707 485 2771 bene
511 2729 589 2772 usus
617 2708 669 2773 sit.
714 2706 784 2783 Qua
811 2705 997 2771 valetudine
1028 2727 1101 2771 aum
1133 2705 1299 2770 etiamtum

26 2820 27 2847 i
131 2799 333 2878 premeretur
361 2796 538 2879 lecticaque
565 2795 712 2880 ferretur,
739 2792 774 2860 0.
796 2794 993 2859 Flaminium
1021 2794 1186 2860 consulem
1217 2794 1302 2878 apud

132 2882 392 2948 Trasumennum
406 2905 479 2948 cum
493 2885 636 2948 exercitu
647 2883 774 2948 insidiis
790 2882 1045 2948 circumventum
1061 2882 1186 2966 occidit,
1199 2904 1302 2967 neque

26 2976 27 2997 *
130 2971 235 3036 multo
262 2975 339 3056 post
366 2972 402 3035 in
423 2970 562 3036 Umbria
589 2969 623 3036 0.
648 2970 838 3038 Centenium
863 2994 883 3036 a
905 2971 1040 3036 Servilio
1069 2972 1200 3036 consule
1229 2993 1301 3036 cum

26 3060 27 3075 ¹
131 3059 256 3124 delecta
283 3081 382 3124 manu
405 3061 525 3125 auxilio
552 3060 602 3124 illi
625 3060 768 3125 missum.
813 3058 912 3145 Hine,
938 3064 975 3124 ut
998 3059 1102 3124 socios
1124 3058 1258 3124 Italicos
1281 3082 1301 3124 a
1320 3076 1338 3125 4

26 3176 27 3179 ¹
130 3145 353 3213 Romanorum
381 3149 525 3213 amicitia
553 3152 729 3232 averteret,
757 3147 798 3212 ad
825 3170 914 3212 mare
942 3146 1113 3231 Superum,
1141 3147 1216 3212 inde
1244 3169 1302 3230 per

26 3284 27 3287 ,
130 3235 286 3319 Apuliam
309 3240 343 3301 et
365 3233 532 3301 Samnium
554 3238 588 3301 in
613 3256 728 3320 agrum
751 3233 953 3319 Campanum
975 3236 1129 3318 pervenit.

216 3323 259 3389 V.
290 3323 373 3391 (lum
392 3329 501 3390 autem
519 3325 554 3389 in
572 3323 739 3390 Samnium
758 3328 988 3410 reverteretur,
1005 3322 1042 3398 Q.
1060 3323 1180 3387 Fabius
1198 3322 1300 3387 Maxi·
1322 3341 1335 3388 1

167 3531 188 3600 ⁷)
206 3531 303 3587 Durch
321 3533 435 3601 quidem
453 3532 524 3587 vird
545 3549 608 3587 cum
626 3532 688 3587 her·
780 3532 813 3601 ιο)
828 3528 1299 3586 Dieswarnureinkleineahteiter·

128 3602 321 3671 vorgehoben,
349 3620 380 3658 so
403 3603 466 3658 dass
489 3620 519 3658 es
542 3602 604 3658 eine
628 3607 688 3659 ent
741 3600 863 3672 gesecht.
913 3601 994 3655 Denn
1024 3601 1091 3654 dem
1121 3601 1300 3669 Hauptheere

26 3668 27 3671 ’
128 3674 349 3742 gegensetzende
368 3673 450 3730 Kratt
468 3673 600 3744 gewinnt.
742 3673 791 3726 des
809 3671 913 3742 Scipio,
932 3673 981 3726 der
999 3670 1140 3725 Hannibal
1158 3670 1213 3726 den
1226 3671 1300 3740 Weg

740 3744 810 3796 dher
823 3743 877 3797 den
887 3741 1039 3796 Rhodanus
1049 3740 1180 3811 verlegen
1194 3740 1298 3811 wollte‚

741 3829 799 3866 war
811 3813 903 3868 dieser
916 3812 1176 3881 auvorgelrommen.
1197 3812 1298 3882 Einige

740 3883 868 3938 Hundert
884 3882 982 3937 Reiter
1005 3899 1099 3938 waren
1121 3900 1175 3938 von
1198 3883 1299 3937 beiden

163 3955 185 4024 ο)
230 3954 413 4012 Rhetorische
472 3947 686 4024 Ubertreibung.
742 3953 837 4009 Seiten
851 3953 1088 4009 aufKundschaft
1101 3969 1299 4024 ausgegangen

164 3780 186 3846 ⁸)
205 3778 257 3834 Die
272 3779 356 3835 Stadt
373 3797 431 3834 war
445 3778 687 3848 Bundesgenossin

128 3848 176 3904 der
193 3851 304 3904 Rbmer.

26 4022 27 4039 ²
128 4026 233 4082 Waren
252 4026 325 4082 doeh
345 4025 428 4095 lange
447 4027 548 4082 vorher
562 4026 608 4080 die
623 4025 688 4080 Gal·
741 4023 799 4079 und
817 4042 905 4094 rogen
924 4023 985 4079 sich
1003 4027 1076 4080 nach
1097 4025 1161 4079 dem
1181 4022 1300 4078 Gefecht

127 4096 179 4152 liar
205 4098 276 4152 dher
303 4097 349 4152 die
371 4098 463 4168 Alpen
489 4097 562 4151 nach
585 4096 688 4152 Italian
741 4113 775 4150 au
793 4095 848 4150 den
865 4094 978 4165 Ihrigen
995 4095 1106 4149 aurdck.

127 4166 308 4237 gekommen,
335 4168 393 4222 und
420 4185 494 4222 awar
515 4168 545 4221 ln
571 4166 686 4222 wieder·
779 4166 813 4234 ¹¹)
831 4164 960 4222 Genauer
977 4183 1021 4221 am
1041 4164 1162 4221 Ticinus.

128 4238 227 4294 holten
240 4238 445 4308 volteringen.
472 4237 537 4309 Vgl.
553 4237 633 4294 Arm.
652 4257 687 4292 zu
779 4236 813 4307 ι7)
832 4235 1297 4306 DieTruppensindmitgemeint.
1325 4284 1326 4287 ,

126 4307 206 4367 Eum.
224 4309 300 4379 XIII,
318 4314 344 4365 2.
740 4308 805 4378 vgl.
824 4307 887 4363 Dat.
905 4306 956 4374 XI,
975 4312 1000 4362 2.
