3028 4908
517 178 588 232 xxi.
616 178 816 234 firmiteta·
833 187 858 237 a.
877 188 902 236 4.
1251 183 1292 248 ‘17

119 340 288 405 Romanos
315 340 366 404 nsi
394 339 537 405 fuerant:
570 362 707 424 quorum
733 363 886 406 numerus
915 347 984 408 erat
1010 344 1141 427 viginti⁴
1157 345 1292 412 milium.

118 427 166 492 Hi
188 432 293 493 totam
317 428 546 493 abalienarunt
569 428 722 514 Africam,
745 430 851 512 ipsam
869 429 1101 517 Carthaginem
1125 454 1291 518 oppugna·

11 570 12 573 ,
118 519 204 580 runt
256 515 380 592 Quibus
407 516 502 581 malis
531 514 610 581 adeo
640 521 716 582 sunt
743 517 844 582 Poeni
870 521 1033 603 peterriti,
1060 527 1096 585 ut
1124 521 1222 585 etiam
1248 523 1325 588 aha

11 620 12 627 ¹
119 603 278 669 Romanis
302 604 424 669 auxilia
444 601 635 688 peterent⁶).
672 603 734 669 Sed
758 611 910 688 extremo,
933 630 1005 673 cum
1028 630 1129 692 prope
1154 612 1194 690 [a.
1210 610 1289 692 239]

117 692 186 757 iam
208 693 249 757 ad
273 692 530 776 desperationem
552 694 790 777 pervenissent,
818 695 1038 762 Hamilcarem
1062 698 1291 781 imperatorem

118 780 274 846 fecerunt.
319 780 352 845 Is
379 802 446 845 non
474 783 577 846 solum
606 804 625 846 a
647 782 748 846 muris
776 781 983 869 Carthaginis
1013 785 1123 850 hostes
1149 788 1190 866 [a.
1210 787 1326 868 238]4

118 871 272 954 removit,
299 891 372 935 cum
395 871 537 952 amplius
565 873 693 934 centum
716 871 806 935 milia
832 871 920 937 facta
948 878 1056 939 essent
1084 878 1291 957 armatorum,

119 957 299 1022 sedetiam
326 979 365 1022 eo
393 957 562 1042 compulit,
589 961 625 1022 ut
647 959 792 1023 locorum
817 962 976 1045 angustiis
1007 962 1109 1026 clausi
1131 963 1183 1026 vel
1205 962 1291 1027 fame

119 1045 171 1110 vel
194 1046 282 1110 ferro
305 1046 484 1111 interirent
525 1045 643 1110 Omnia
665 1046 785 1130 oppida
809 1048 1011 1133 abalienata,
1034 1051 1068 1113 in
1090 1050 1141 1114 his
1160 1049 1290 1115 Uticam

120 1137 219 1217 atque
242 1132 438 1216 Hipponem,
459 1132 683 1199 valentissima
705 1135 807 1200 totius
829 1134 969 1220 Africae,
992 1138 1136 1203 restituit
1157 1141 1290 1222 patriae.

208 1220 269 1286 III.
305 1220 367 1286 His
389 1222 487 1286 rebus
512 1244 551 1286 ex
574 1223 735 1287 sententia
761 1225 901 1307 peractis
923 1225 1038 1290 fidenti
1061 1228 1170 1291 animo
1194 1231 1290 1310 atque
1310 1246 1325 1293 1

120 1308 242 1375 infesto
261 1310 427 1389 Romanis,
446 1332 510 1394 quo
528 1310 656 1375 facilius
680 1332 810 1375 cansam
829 1312 973 1378 bellandi
991 1315 1156 1398 reperiret,
1175 1315 1291 1399 effecit,

119 1402 158 1461 ut
180 1398 361 1483 imperator
387 1421 461 1463 cnm
484 1399 625 1463 exercitu
652 1400 688 1463 in
710 1398 902 1483 Hispaniam
925 1402 1120 1485 mitteretur,
1149 1404 1191 1483 [a.
1209 1404 1289 1484 237]

119 1507 222 1570 eoque
246 1508 355 1551 secum
377 1486 469 1551 duxit
492 1487 595 1551 filium
618 1486 838 1553 Hannibalem
862 1511 1022 1555 annorum
1044 1513 1169 1556 novem.
1209 1490 1291 1556 Erat
1310 1510 1327 1559 2

116 1577 286 1657 praeterea
314 1597 387 1640 cum
415 1597 453 1640 eo
481 1576 671 1641 adulescens
693 1576 841 1661 illustris,
871 1576 1069 1660 Hasdrubal,
1092 1601 1187 1663 quem
1209 1601 1290 1643 non·

118 1663 202 1726 nulli
230 1663 324 1749 diligi
350 1665 439 1747 plus,
465 1686 563 1747 quam
589 1685 650 1746 par
676 1667 758 1747 erat,
788 1665 828 1729 ab
852 1664 1037 1731 Hamilcare
1060 1668 1291 1751 loquebantur:

119 1749 270 1816 homines
294 1751 381 1816 enim
405 1751 555 1816 maledici
577 1756 671 1817 tanto
695 1752 764 1817 viro
788 1753 899 1818 deesse
924 1776 992 1819 non
1014 1760 1173 1839 poterant.
1220 1754 1290 1832 Quo

116 1838 241 1903 factum
274 1843 324 1904 est
355 1844 392 1903 nt
422 1861 442 1903 a
469 1840 635 1924 praefecto
667 1862 793 1904 morum
825 1841 1011 1908 Hasdrubal
1043 1865 1116 1908 cum
1148 1866 1185 1908 eo
1220 1865 1291 1908 esse

11 1976 12 1983 κ
115 1930 288 1993 vetaretur.
332 1926 446 2012 Itaque
472 1927 530 1992 ille
558 1928 588 1992 ei
614 1928 716 1993 fiham
744 1951 836 1993 suam
859 1930 895 1994 in
924 1931 1168 1997 matrimonium
1192 1931 1291 2011 dedit,

11 2042 12 2047 ¹
115 2016 204 2099 quod
236 2017 381 2081 moribus
414 2014 734 2102 Carthaginiensium
770 2038 880 2083 socero
914 2040 1013 2103 gener
1043 2020 1193 2086 interdici
1226 2042 1291 2085 non

114 2107 256 2186 poterat.
305 2103 355 2168 De
382 2104 444 2169 hoc
474 2104 546 2169 ideo
579 2106 776 2168 mentionem
808 2105 956 2192 fecimus,
989 2108 1074 2191 quod
1104 2107 1325 2175 Hamilcarea

116 2193 225 2257 occiso
247 2192 305 2255 ille
324 2192 479 2257 exercitui
497 2192 641 2276 praefuit
663 2214 779 2276 resque
798 2214 936 2279 magnas
956 2196 1058 2279 gessit
1078 2194 1290 2282 (quamquam

113 2279 267 2363 princeps
291 2279 466 2365 largitione
489 2284 633 2345 vetustos
659 2302 762 2346 mores
783 2279 1100 2365 Carthaginiensium
1119 2283 1288 2370 pervertit)

115 2367 325 2452 eiusdemque
355 2372 433 2452 post
464 2366 638 2455 mortem⁷)
671 2368 837 2434 Hannibal
869 2370 1040 2454 imperium
1073 2372 1114 2436 ab
1149 2374 1289 2437 exercitu

11 2474 12 2477 ’
116 2456 250 2540 aceepit

206 2543 264 2610 IV.
287 2543 349 2610 Sed
363 2544 540 2630 Hamilcar,
553 2548 766 2629 posteaquam
786 2567 873 2611 mare
887 2547 1020 2612 transiit
1037 2548 1070 2611 in
1083 2546 1289 2631 Hispaniam·
1310 2567 1324 2614 1

118 2653 182 2715 que
204 2634 303 2716 venit,
326 2653 461 2718 magnas
485 2655 536 2698 res
559 2634 700 2698 secunda
722 2635 825 2718 gessit
847 2634 993 2714 fortuna:
1016 2636 1172 2700 maximas
1197 2636 1289 2700 belli-

116 2721 369 2805 cosissimasque
392 2725 505 2806 gentes
524 2722 663 2807 subegit,
680 2723 780 2806 equis,
799 2723 908 2806 armis,
922 2724 1009 2804 viris,
1028 2725 1163 2807 pecunia
1184 2727 1289 2789 totam

115 2806 328 2893 locupletavit
360 2809 512 2875 Africam.
568 2809 630 2886 Qui
662 2810 791 2893 quidem
823 2833 896 2876 cum
927 2811 963 2874 in
998 2812 1129 2876 Italiam
1165 2812 1323 2878 belluma

114 2896 235 2962 inferre
254 2898 474 2981 meditaretur,
488 2920 575 2963 nono
595 2920 679 2963 anno
699 2903 873 2983 postquam
891 2900 926 2964 in
939 2898 1131 2984 Hispaniam
1146 2905 1289 2984 venerat,

114 2985 149 3048 in
176 2986 300 3070 proelio
329 3007 479 3071 pugnans
512 2986 665 3051 adversus
697 2986 854 3052 Vettones
887 2989 1010 3053 occisus
1040 2993 1098 3054 est.
1146 2992 1189 3070 [a.
1207 2990 1287 3070 229]

114 3071 211 3138 Illius
232 3078 341 3139 autem
359 3079 550 3158 perpetuum
573 3076 607 3139 in
626 3075 790 3140 Romanos
813 3075 922 3141 odium
946 3078 1084 3142 maxime
1108 3078 1287 3143 concitasse
1306 3097 1322 3144 a

114 3159 243 3226 ridetur
266 3162 441 3227 secundum
464 3163 585 3227 bellum
607 3162 791 3228 Poenicum.
831 3162 978 3248 Namque
997 3164 1178 3250 Hannibal,
1200 3166 1287 3230 filius

116 3249 194 3332 eius,
214 3251 353 3315 assiduis
367 3251 472 3334 patris
491 3251 764 3317 obtestationibus
784 3273 822 3317 eo
841 3256 891 3317 est
905 3253 1086 3338 perductus,
1105 3257 1143 3318 nt
1156 3255 1288 3319 interire

116 3360 215 3422 quam
239 3338 404 3404 Romanos
427 3361 493 3404 non
517 3339 654 3424 experiri
677 3341 795 3405 mallet

152 3529 174 3599 ⁶)
194 3530 251 3584 ner
269 3529 366 3585 aaran
383 3529 433 3583 aar
450 3529 552 3584 beiden
569 3529 675 3595 retiam
728 3532 806 3586 aaa.
843 3516 981 3600 uaeas
1005 3530 1150 3586 noussen
1168 3531 1213 3585 aa
1231 3531 1287 3586 aa·

112 3602 176 3655 tren
195 3600 380 3669 gebliebenen
399 3599 497 3655 Sttdte
516 3600 600 3654 Utica
617 3601 674 3654 und
728 3618 788 3655 mer
815 3617 889 3656 zuar
917 3601 998 3657 haine
1023 3600 1112 3668 Hilfe,
1141 3602 1288 3657 erlaubten

114 3670 153 3725 Hi
172 3688 219 3741 po,
230 3669 674 3741 diaBelagerungvonKarthago
728 3673 795 3725 aber
810 3671 869 3726 aB.
880 3673 1059 3742 Werhungan
1069 3671 1119 3727 der
1129 3672 1287 3743 Karthager

114 3689 206 3797 selhst
223 3742 281 3796 und
304 3742 354 3796 das
373 3742 551 3810 Hilfsgesuch
573 3758 610 3795 an
628 3742 674 3794 die
727 3740 757 3795 in
775 3740 885 3797 Italion

113 3812 218 3867 Romen
244 3812 314 3866 fand
341 3813 398 3867 erst
422 3812 496 3866 nach
519 3811 675 3866 Hamilcare
766 3813 787 3880 ⁷)
810 3811 970 3867 Hasdrubal
996 3812 1092 3867 fdhrta
1120 3813 1174 3868 den
1199 3812 1286 3869 Ober-

112 3881 286 3952 Ernennung
321 3901 383 3938 aum
419 3882 572 3938 Feldherrn
599 3883 673 3951 (239)
727 3881 823 3938 befehl
840 3883 871 3938 in
889 3882 1012 3954 Spanien
1029 3889 1179 3941 sce-221.

596 4137 809 4145 ————-—
