3028 4908
206 223 255 289 40
605 224 666 280 XII.
694 223 883 279 CHABRIAS.
906 230 931 280 3.
946 228 972 279 4.

213 391 318 452 totam
332 386 471 451 insulam
487 385 573 450 bello
588 384 802 473 devicisset2).
829 380 952 462 Quibus
968 408 1006 451 ex
1020 386 1115 450 rebus
1123 382 1149 471 8)
1164 386 1382 454 Athenienses
1492 434 1493 473 ι

177 494 365 562 amagnam
394 475 533 559 gloriam
557 478 633 539 sunt
660 475 778 560 adepti.
825 473 886 540 Sed
909 475 1151 559 Pharnabazus,
1179 477 1234 560 qui
1260 498 1382 543 norum

210 565 385 631 exercitum
414 563 454 628 ad
480 564 661 648 pacandam
688 562 873 649 Aegyptum
901 585 1090 647 comparare
1119 585 1139 627 a
1165 585 1242 649 rege
1272 565 1382 632 iussus

211 657 294 735 erat,
322 654 446 737 legatos
475 653 564 717 misit
586 652 732 718 Athenas
761 656 924 737 questum,
947 651 1033 736 quod
1056 651 1214 718 Chabrias
1245 655 1286 734 [a.
1301 654 1382 736 378]

211 742 382 808 adversum
409 761 519 826 regem
542 742 665 806 bellum
692 745 819 827 gereret
841 752 912 805 c'um
935 740 1118 825 Aegyptiis.
1163 741 1382 809 Athenienses

210 832 295 897 diem
315 834 437 896 certam
457 828 616 895 Chabriae
636 831 901 913 praestituerunt,
920 851 1017 913 qnam
1036 827 1145 915 ante⁴)
1164 830 1296 895 domum
1317 832 1382 897 nisi

211 920 363 1002 redisset,
386 918 500 1003 capitis
524 941 558 984 se
586 918 677 983 illum
704 919 914 983 damnaturos
942 917 1181 984 denuntiarunt.
1226 919 1298 995 Quo
1325 920 1383 986 ille

210 1009 324 1074 nuntio
347 1007 494 1072 Athenas
516 1008 621 1072 rediit.

176 1114 190 1162 1
298 1095 356 1161 III.
379 1097 498 1161 Postea
521 1118 593 1160 cum
617 1117 735 1160 novum
759 1095 881 1160 bellum
903 1095 989 1159 inter
1007 1094 1191 1179 Aegyptios
1211 1099 1244 1160 et
1261 1096 1382 1163 Persas

210 1185 384 1251 conflatum
418 1189 516 1268 esset,
548 1183 706 1250 Chabrias
738 1184 857 1249 iterum
889 1205 925 1248 eo
957 1182 1121 1267 profectus
1149 1187 1207 1249 est
1237 1186 1281 1269 [a
1300 1187 1381 1269 361]

209 1274 426 1339 Athenienses
445 1296 517 1338 cum
537 1272 716 1339 Artaxerxe
735 1274 922 1338 societatem
940 1272 1115 1357 habebant,
1133 1271 1383 1340 Lacedaemonii

209 1385 282 1428 eum
311 1363 498 1449 Aegyptiis,
525 1384 544 1427 a
572 1363 688 1448 quibus
711 1366 846 1427 vocatus
874 1381 1011 1446 magnas
1037 1361 1175 1445 praedas
1199 1361 1383 1447 Agesilaus,
1495 1412 1496 1437 ,

209 1473 266 1517 rex
298 1473 422 1537 eorum,
455 1451 603 1516 faciebat.
648 1451 686 1517 Id
708 1452 838 1516 intuens
861 1449 1035 1533 Chabrias,
1062 1471 1134 1514 cum
1157 1452 1191 1514 in
1224 1464 1258 1515 re
1289 1452 1383 1517 nulla

211 1540 366 1627 Agesilao
385 1540 521 1624 cederet,
540 1562 600 1604 sua
618 1543 734 1623 sponte
753 1560 807 1604 eos
827 1538 972 1603 adiutum
990 1538 1154 1622 profectus
1174 1539 1271 1605 classi
1289 1562 1382 1624 prae

210 1630 282 1715 fuit,
304 1628 508 1715 pedestribus
531 1629 632 1712 copiis
652 1628 832 1713 Agesilaus.
869 1626 931 1703 Cui
951 1649 1024 1692 cum
1044 1649 1063 1692 a
1081 1627 1200 1710 Tacho,
1222 1628 1383 1714 Aegypti-

213 1740 305 1783 orum
324 1738 409 1802 rege,
428 1716 586 1782 alienatus
606 1715 647 1781 ad
665 1714 883 1780 Nectanabim
903 1716 1050 1799 alterum,
1073 1717 1141 1780 eius
1162 1717 1382 1783 adversarium

212 1810 246 1870 et
262 1806 355 1891 regni
374 1806 626 1890 competitorem,
649 1826 683 1869 se
703 1804 909 1887 applicasset,
932 1802 1090 1870 Chabrias
1109 1805 1256 1870 Athenas
1275 1806 1383 1872 rediit

176 1906 192 1956 2
211 1894 323 1977 Neque
345 1893 393 1957 ibi
417 1893 537 1958 diutius
561 1897 611 1957 est
633 1896 791 1977 moratus,
814 1914 911 1977 quam
934 1892 998 1957 fuit
1019 1915 1158 1958 necesse.
1192 1892 1269 1959 Non
1293 1895 1381 1960 enim

212 1983 350 2047 libenter
369 1987 439 2046 erat
458 1985 533 2047 ante
557 1983 666 2047 oculos
689 2003 820 2046 suorum
838 1981 965 2067 civium,
986 1982 1072 2066 quod
1091 1986 1124 2047 et
1142 1982 1274 2047 vivebat
1292 1983 1382 2048 laute

212 2075 245 2135 et
274 2070 466 2157 indulgebat
496 2070 559 2136 sibi
587 2070 735 2155 liberius,
765 2092 861 2154 quam
893 2076 931 2134 ut
962 2069 1117 2135 invidiam
1148 2072 1238 2156 vulgi
1269 2077 1383 2155 posset

176 2160 360 2247 teffugere.
404 2159 468 2224 Est
498 2161 583 2224 enim
614 2159 676 2225 hoc
704 2179 873 2224 commune
901 2159 1017 2224 vitium
1046 2160 1175 2244 magnis
1205 2160 1382 2245 liberisque

210 2248 412 2332 civitatibus,
434 2251 471 2313 ut
493 2247 615 2313 invidia
638 2249 760 2334 gloriae
785 2268 891 2314 comes
916 2246 960 2311 sit
983 2252 1016 2312 et
1037 2247 1176 2312 libenter
1199 2248 1238 2313 de
1261 2249 1302 2314 iis
1326 2250 1381 2314 de-

210 2338 360 2421 trahant,
393 2359 474 2420 quos
506 2336 647 2401 eminere
679 2337 810 2402 videant
841 2337 956 2418 altius,
992 2356 1094 2419 neque
1132 2337 1241 2402 animo
1277 2359 1382 2422 aequo

208 2448 367 2511 pauperes
387 2427 526 2491 alienam
544 2426 733 2491 intueantur
751 2426 923 2491 fortunam.
951 2422 1066 2509 Itaque
1086 2422 1254 2511 Chabrias,
1273 2428 1381 2511 quoad

173 2512 240 2580 4ei
269 2516 401 2597 licebat,
432 2515 607 2599 plurimum
638 2515 760 2580 aberat.
804 2513 918 2600 Neque
948 2534 1025 2578 vero
1058 2515 1146 2578 solus
1180 2515 1235 2579 ille
1268 2516 1383 2580 aberat

209 2604 348 2670 Athenis
366 2604 515 2689 libenter,
538 2603 594 2668 sed
613 2626 725 2669 omnes
743 2604 811 2668 fere
834 2602 993 2688 principes
1011 2601 1159 2668 fecerunt
1180 2603 1275 2689 idem,
1293 2605 1380 2689 quod

208 2696 338 2757 tantum
357 2714 391 2756 se
411 2692 452 2757 ab
470 2692 592 2757 invidia
609 2689 793 2780 putarent⁶)
817 2692 973 2775 afuturus,
991 2693 1146 2775 quantum
1166 2714 1186 2756 a
1207 2697 1381 2776 conspectu

210 2803 341 2846 suorum
379 2782 596 2846 recessissent.
645 2780 759 2867 Itaque
792 2779 907 2847 Conon
942 2780 1117 2864 plurimum
1151 2778 1252 2864 Cypri
1288 2782 1382 2866 vixit,

208 2868 388 2953 Iphicrates
419 2869 453 2933 in
475 2868 645 2951 Thraecia,
668 2868 859 2934 Timotheus
883 2868 993 2951 Lesbi,
1016 2867 1137 2933 Chares
1161 2865 1260 2955 Sigei.
1306 2868 1380 2936 Dis·

209 2957 324 3022 similis
348 2956 476 3042 quidem
496 2955 617 3023 Chares
640 2957 771 3022 illorum
790 2961 823 3021 et
845 2957 940 3023 factis
962 2961 996 3021 et
1018 2958 1170 3041 moribus,
1194 2958 1249 3023 sed
1268 2963 1380 3023 tamen

209 3045 348 3110 Athenis
371 3048 404 3109 et
426 3045 605 3111 honoratus
629 3051 661 3110 et
683 3042 841 3131 potens⁶).

174 3149 187 3195 1
297 3133 353 3199 IV.
375 3133 477 3199 Periit
496 3140 605 3201 autem
624 3133 782 3200 Chabrias
802 3134 888 3200 bello
908 3133 1020 3199 sociali
1038 3133 1100 3200 hoc
1119 3135 1224 3200 modo.
1249 3136 1379 3218 [aum]

209 3221 452 3308 Oppugnabant
485 3223 700 3288 Athenienses
733 3221 860 3289 Chium.
904 3222 987 3288 Erat
1017 3223 1052 3288 in
1084 3224 1186 3289 classe
1218 3221 1381 3290 Chabrias

208 3313 365 3396 privatus,
389 3312 446 3377 sed
465 3333 586 3395 omnes,
610 3312 718 3396 quiin
740 3312 934 3398 magistratu
954 3316 1056 3394 erant,
1079 3312 1271 3378 auctoritate
1291 3317 1381 3378 ante·

207 3402 291 3486 ibat,
318 3405 355 3466 ut
380 3402 486 3487 magis
515 3422 587 3466 eum
615 3401 736 3466 milites
764 3422 860 3484 quam
888 3400 943 3483 qui
971 3404 1140 3484 praeerant
1171 3402 1380 3485 suspicerent

173 3506 189 3553 ι
209 3491 297 3569 Quae
319 3511 371 3555 res
395 3491 425 3554 ei
447 3488 624 3555 maturavit
646 3492 793 3554 mortem.
822 3487 908 3554 Nam
928 3489 1004 3553 dum
1027 3488 1151 3573 primus
1175 3491 1284 3556 studet
1305 3513 1381 3576 por·

243 3716 265 3787 ²)
283 3716 355 3772 Dem
368 3716 521 3787 Euagorae,
535 3718 585 3773 der
598 3717 648 3772 auf
655 3716 765 3787 Cypern
855 3716 877 3786 ⁴)
899 3715 953 3772 Die
972 3716 1086 3786 Prtpos.
1105 3732 1202 3772 versus
1219 3718 1277 3772 und
1294 3720 1381 3775 tenus

207 3788 253 3844 ein
271 3802 326 3843 von
345 3789 399 3844 den
416 3788 534 3844 Parsern
551 3787 765 3860 unabhtngiges
818 3788 918 3843 stehen
940 3788 970 3842 in
993 3787 1042 3842 der
1059 3787 1148 3858 Regel
1169 3788 1264 3843 hinter
1286 3788 1381 3845 ihrem

207 3859 379 3928 Konigreich
403 3860 530 3929 grunden
557 3859 664 3928 wollte,
688 3862 765 3915 ward
818 3858 942 3926 Nomen,
959 3856 1052 3911 hinter
1071 3858 1135 3913 dem
1152 3858 1311 3914 Pronomen
1329 3862 1381 3930 qui

208 3928 343 3984 Chabrias
354 3933 407 3985 388
421 3948 453 3983 au
464 3929 540 3985 Hilfe
554 3930 708 4000 geschiclrt.
727 3929 766 3983 ur
818 3930 914 3999 htullg
945 3930 1018 3984 anch
1049 3933 1128 3998 ante,
1156 3932 1266 3997 contra,
1293 3931 1380 4000 inter,

206 3999 335 4070 kemphe
344 3999 765 4071 daselbstbiasssstundsegelte
837 4004 946 4068 repter,
977 3999 1064 4054 iuxta.
1102 4000 1197 4055 Salteu
1229 4000 1266 4055 ist
1300 4001 1381 4057 disse

208 4071 284 4127 dann
292 4069 343 4126 aul
351 4072 448 4141 eigene
455 4070 538 4127 Hand
544 4072 618 4126 nach
624 4061 765 4144 Agypten,
817 4017 947 4139 Ctellung
964 4068 1057 4125 hinter
1071 4071 1135 4126 dem
1149 4070 1307 4128 Pronomen
1320 4072 1383 4141 hic,

206 4162 253 4197 um
263 4138 763 4213 dortdieEmpdrerzuunterstdtzen
817 4161 840 4198 ι.
854 4142 885 4197 Β.
904 4141 984 4196 Paus.
999 4139 1048 4210 IV,
1062 4146 1087 4198 4.

242 4252 263 4320 8)
286 4249 320 4305 D.
335 4248 363 4305 h.
381 4247 489 4318 inlolge
515 4250 565 4304 der
582 4250 692 4305 Thaten
715 4249 764 4333 des
855 4268 877 4337 a)
897 4268 977 4322 Anm.
997 4285 1031 4321 ,u
1049 4267 1161 4321 papam,
1181 4266 1216 4334 Π,
1235 4272 1260 4322 3ο

210 4320 345 4392 Chabrias
364 4320 414 4375 auf
426 4319 533 4391 Cypern
548 4319 656 4376 sowohl
675 4321 717 4375 als
734 4338 765 4375 m

206 4390 347 4463 Agypten.
855 4392 877 4462 ο)
895 4392 978 4447 Anm.
996 4409 1031 4445 uu
1049 4389 1144 4461 Pelop.
1163 4391 1185 4459 I,
1205 4396 1229 4445 1.
