3028 4908
221 213 263 277 30
654 214 702 269 rx.
731 212 864 269 conon.
889 222 913 268 a
933 219 976 297 a

186 390 199 437 1
309 378 352 443 ΙΙ.
387 376 428 441 In
450 380 545 442 rebus
570 380 676 441 autem
703 376 833 441 afflictis
863 400 929 443 non
953 377 1125 461 quaesivit,
1149 378 1203 442 ubi
1227 379 1296 463 ipse
1320 384 1393 447 tuto

219 469 359 552 viveret,
387 467 443 531 sed
471 466 554 530 unde
583 465 744 549 praesidio
772 471 884 548 posset
907 488 977 531 esse
1007 468 1130 530 civibus
1155 468 1231 530 suis.
1277 466 1394 553 Itaque

220 558 333 622 relicta
355 555 475 639 Cypro,
494 576 556 638 quo
577 576 616 619 ex
633 555 714 638 fuga
740 576 773 618 se
792 560 966 639 receperat,
985 555 1123 620 contulit
1142 577 1176 619 se
1197 555 1236 619 ad
1251 555 1395 623 Pharna-

219 648 346 728 bazum,
370 648 532 726 satrapem
552 642 765 726 Dascylitidis
785 643 972 727 provinciae
990 644 1193 728 eundemque
1211 646 1297 728 regis
1320 669 1395 730 pro·

219 735 392 818 pinquum:
417 733 502 815 apud
526 753 621 815 quem
644 735 682 795 ut
704 731 844 795 multum
867 733 974 816 gratia
997 733 1132 815 valeret,
1155 734 1258 797 multo
1282 735 1394 801 labore

184 831 200 880 a
221 822 396 905 multisque
420 821 526 886 effecit
549 820 701 903 periculis
724 821 909 884 subeundis.
945 820 1033 884 Nam
1052 842 1125 884 cum
1144 821 1394 889 Lacedaemonii

221 910 476 976 Atheniensibus
501 909 634 973 devictis
662 909 697 970 in
720 910 876 973 societate
899 931 964 973 non
987 913 1169 992 manerent,
1198 932 1295 993 quam
1319 934 1394 977 cum
1499 944 1500 947 ¹

221 999 410 1063 Artaxerxis
430 1002 522 1082 patre
538 996 637 1062 Dario
652 997 804 1080 fecerant,
822 997 966 1081 duosque
981 997 1129 1080 deinceps
1145 996 1274 1085 ducesl)
1294 1001 1394 1065 bella·
1499 1002 1500 1011 ’

220 1093 289 1152 tum
318 1088 484 1151 misissent
514 1088 548 1150 in
575 1087 703 1167 Asiam,
731 1086 791 1150 hos
823 1087 976 1151 adversus
1004 1085 1234 1151 Pharnabazus
1260 1088 1394 1155 habitus

221 1181 271 1241 est
293 1176 479 1260 imperator,
502 1196 535 1238 re
556 1175 684 1258 quidem
704 1196 780 1239 vera
798 1175 951 1239 exercitui
970 1175 1111 1257 praefuit
1129 1172 1241 1240 Conon
1261 1178 1395 1262 eiusque
1499 1254 1500 1259 γ

184 1266 330 1330 3omnia
363 1265 496 1328 arbitrio
528 1267 621 1346 gesta
653 1269 738 1328 sunt.
782 1262 896 1347 Itaque
927 1265 982 1328 illo
1014 1263 1168 1328 suadente
1199 1288 1218 1329 a
1246 1266 1292 1344 [a.
1311 1267 1391 1348 397]

219 1376 296 1439 rege
321 1353 361 1418 ad
385 1375 473 1417 mare
493 1358 544 1417 est
566 1353 695 1434 missus,
717 1356 754 1415 ut
773 1350 902 1436 Cypriis
921 1358 955 1416 ct
972 1352 1187 1416 Phoenicibus
1211 1355 1391 1439 ceterisque

220 1443 393 1506 maritimis
418 1442 604 1507 civitatibus
632 1463 731 1505 naves
754 1440 870 1526 longas
893 1441 1067 1524 imperaret
1089 1441 1302 1525 classemque,
1330 1467 1395 1528 qua
1499 1500 1500 1529 ,

182 1539 200 1586 4
220 1553 309 1595 mare
328 1531 413 1595 tueri
432 1534 552 1613 posset,
571 1533 781 1612 compararet.
810 1528 871 1593 Sed
892 1551 930 1593 ea
948 1530 1097 1612 persequi
1110 1528 1394 1610 Lacedaemonios,

115 1636 117 1639 ’
218 1622 274 1704 qui
304 1620 404 1684 misso
435 1620 470 1682 in
498 1618 611 1682 Asiam
643 1639 769 1681 summo
801 1619 880 1681 duce
915 1618 1068 1701 Agesilao
1096 1619 1218 1682 bellurn
1248 1620 1291 1699 [a.
1310 1621 1391 1702 396]

218 1711 467 1787 renovaverant,
494 1706 677 1790 prohibitus
709 1711 758 1770 est
787 1706 927 1770 militum
957 1707 1127 1789 seditione,
1156 1708 1210 1791 qui
1240 1729 1260 1770 a
1283 1708 1392 1773 Tissa-

219 1797 340 1880 pherne
365 1795 526 1877 stipendio
549 1792 825 1878 fraudabantur4).

184 1892 198 1939 1
308 1883 364 1947 Ill.
401 1882 572 1947 Defecerat
605 1905 623 1947 a
651 1903 725 1967 rege
754 1883 1002 1966 Tissaphernes,
1034 1888 1183 1967 satrapes
1215 1883 1327 1948 Ioniae
1360 1895 1394 1951 et

219 1972 353 2056 Lydiae,
376 1992 480 2056 neque
503 1972 537 2035 id
560 1976 629 2035 tam
651 1970 825 2036 Artaxerxi
848 1994 946 2055 quam
969 1971 1179 2036 Pharnabazo
1208 1979 1241 2036 el
1264 1970 1394 2038 Oononi

219 2065 289 2124 erat
317 2057 512 2147 apertum⁵):
540 2061 652 2124 multis
676 2061 760 2124 enim
789 2061 979 2145 magnisque
1008 2061 1131 2125 meritis
1160 2061 1244 2144 apud
1271 2082 1393 2147 regem,

219 2150 318 2213 etiarn
337 2170 410 2212 cum
433 2149 468 2213 in
487 2148 595 2213 officio
614 2171 680 2213 non
705 2156 859 2232 maneret,
881 2149 1021 2213 valebat.
1051 2148 1164 2232 Neque
1182 2149 1216 2212 id
1239 2156 1310 2213 erat
1332 2152 1393 2215 mi·

217 2239 369 2320 randum,
398 2238 427 2300 si
454 2259 521 2302 non
547 2238 642 2302 facile
670 2239 726 2301 ille
751 2238 790 2302 ad
819 2237 1011 2302 credendum
1039 2237 1270 2320 adducebatur,
1297 2241 1393 2305 remi-

182 2327 345 2391 aniscens
370 2326 438 2390 eius
462 2348 497 2390 sc
516 2348 615 2410 opera
633 2325 751 2410 Cyrum
776 2328 911 2390 fratrem
930 2322 1143 2411 superasse⁶).
1175 2326 1280 2391 Huius
1301 2349 1393 2392 accu-

218 2416 310 2479 sandi
338 2415 446 2499 gratia
469 2412 583 2480 Conon
611 2417 650 2478 ad
679 2436 789 2500 regem
818 2414 981 2499 profectus
1005 2419 1217 2498 posteaquam
1246 2417 1289 2496 [a.
1309 2416 1388 2497 395]

217 2504 317 2586 venit,
346 2504 487 2587 primum
510 2526 548 2567 ex
571 2526 662 2568 more
687 2503 860 2567 Persarum
884 2503 924 2566 ad
948 2502 1174 2588 chiliarchum,
1198 2504 1253 2586 qui
1277 2526 1390 2569 secun-

217 2592 293 2656 dum
312 2591 448 2676 gradum
467 2593 594 2675 imperii
612 2594 754 2672 tenebat,
773 2591 992 2655 Tithraustem
1013 2593 1149 2656 accessit
1168 2613 1265 2676 seque
1284 2597 1390 2658 osten-

218 2682 266 2744 dit
294 2701 367 2744 cum
395 2702 471 2766 rege
495 2682 636 2764 colloqui
659 2681 756 2762 velle,
778 2702 874 2744 nemo
898 2681 984 2743 enim
1015 2679 1085 2743 sine
1109 2680 1170 2744 hoc
1194 2681 1386 2746 admittitur.

181 2778 197 2824 3
218 2768 280 2844 Qui
303 2768 351 2831 illi
375 2767 496 2832 ‘nulla'
520 2769 627 2852 inquit
649 2768 755 2834 'mora
778 2773 842 2850 est,
873 2769 930 2832 sed
952 2772 988 2832 tu
1012 2768 1168 2852 delibera,
1191 2772 1300 2834 utrum
1325 2771 1390 2835 col-

217 2856 306 2939 loqui
335 2856 430 2920 malis
455 2879 497 2920 an
523 2879 582 2940 per
604 2858 731 2920 litteras
760 2877 855 2940 agere
880 2878 961 2939 quae
992 2858 1125 2941 cogitas.
1171 2855 1313 2923 Necesse
1342 2866 1393 2923 est

217 2946 317 3028 enim,
347 2946 375 3009 si
407 2946 440 3008 in
469 2950 678 3027 conspectum
708 2945 849 3029 veneris,
874 2947 1021 3009 venerari
1050 2950 1083 3009 te
1112 2967 1220 3030 regem
1252 2945 1353 3032 (quod
1364 2944 1389 3028 ⁷)

216 3102 318 3155 rettetc
343 3118 372 3155 er
396 3106 412 3154 9
436 3100 553 3170 Schiffs,
578 3102 624 3155 die
648 3118 678 3155 er
702 3101 775 3156 noch
828 3102 966 3156 brachtcn
994 3101 1056 3155 eine
1078 3101 1174 3156 Flotte
1201 3102 1261 3171 auf,
1289 3104 1390 3159 sobald

217 3172 385 3241 rechtzeitig
403 3174 560 3227 bemannen
578 3173 693 3240 konnte,
713 3172 775 3227 dar·
829 3173 870 3227 sis
893 3187 948 3227 von
968 3172 1078 3226 Conons
1097 3171 1261 3241 Thatigkeit
1281 3172 1312 3227 in
1335 3174 1390 3230 den

217 3245 299 3296 unter
323 3243 368 3297 die
386 3242 509 3297 Paralos.
547 3243 629 3298 Diesc
649 3244 775 3324 schickte
830 3242 975 3298 sudlichen
1007 3243 1170 3298 Gewtssern
1207 3244 1306 3299 Kunde
1343 3247 1391 3301 be·

215 3314 776 3451 qchmffiqelqaclgirqhgequqilnglqlrlmggkq,
829 3315 954 3452 kallmilr
976 3385 1056 3439 hatte
1079 3384 1245 3439 wiedcrholt
1267 3385 1314 3440 die
1331 3391 1389 3441 An·

215 3455 775 3524 fanderAufnahms'beiEuagoras‚dem
830 3456 911 3525 griffe
953 3456 1002 3509 der
1038 3455 1259 3511 Lacedtmonisr
1300 3457 1390 3513 durch

215 3527 464 3582 Behcrrschervon
475 3526 595 3581 Salamis
603 3528 653 3581 auf
660 3526 774 3597 Cyprus.
830 3525 1010 3581 Waffenruhc
1028 3543 1083 3581 von
1102 3526 1206 3580 seinem
1221 3527 1324 3583 Gebiet
1341 3529 1395 3584 auf

216 3597 349 3652 Dasclbst
367 3596 443 3652 blieb
464 3614 493 3652 er
511 3600 639 3652 mehrerc
657 3597 751 3653 Jahre.
829 3599 879 3651 das
894 3597 944 3652 des
953 3595 1151 3651 Pharnabazus
1164 3596 1319 3667 abgelcnkt
1331 3601 1390 3655 und

253 3668 274 3733 ⁸)
298 3666 452 3723 Thimbron
471 3674 612 3724 400-399
632 3669 689 3723 und
708 3668 775 3724 Dar·
830 3668 926 3724 Conon
944 3668 991 3722 die
1008 3668 1126 3737 notigen
1140 3668 1314 3737 Hilfsgelder
1325 3688 1390 3725 vor-

216 3737 334 3807 cyllidas
358 3745 518 3795 aaa-397.
555 3739 642 3794 Beidc
661 3739 776 3796 fdhrtsn
829 3739 983 3795 anthaltcn.
1021 3738 1063 3793 Ob
1096 3756 1127 3793 cr
1158 3739 1227 3794 aber
1258 3739 1390 3796 wirklich

216 3810 271 3863 den
293 3809 380 3879 Krieg
404 3829 456 3865 nur
480 3812 510 3865 in
534 3811 589 3865 den
612 3811 775 3867 nordlichen
827 3810 930 3865 Vertat
966 3825 1013 3862 am
1048 3808 1158 3880 Konigc
1195 3812 1297 3880 gaithi,
1334 3813 1389 3867 wie

215 3880 431 3950 Laudatriehen,
456 3881 562 3936 welche
588 3899 635 3936 aur
658 3882 775 3937 Provinz
829 3881 1025 3935 Pharnabazus
1051 3882 1107 3935 und
1132 3881 1229 3935 Conon
1253 3882 1390 3952 mainten,

216 3950 265 4005 des
277 3951 474 4007 Pharnabazus
487 3952 633 4022 gehorten,
649 3954 774 4007 weshalb
828 3950 867 4004 ist
881 3950 961 4005 nicht
978 3952 1169 4020 ausgemacht.
1189 3951 1388 4007 Wahrschein·

216 4020 416 4091 Tissaphernes
448 4023 509 4078 hier
536 4023 616 4078 nicht
648 4025 776 4079 erwahnt
827 4021 886 4076 lich
905 4021 961 4090 gab
976 4039 1006 4076 er
1019 4021 1080 4075 sich
1095 4041 1148 4076 nur
1162 4039 1213 4076 aus
1226 4023 1389 4080 Eifersucht

216 4092 293 4147 wird.
613 4162 616 4167 ‚
828 4093 879 4147 auf
904 4092 970 4161 jone
1002 4092 1105 4146 beiden
1136 4093 1232 4148 solchs
1264 4094 1388 4150 Blbssen.

252 4162 275 4231 4)
296 4162 391 4220 Conon
409 4165 511 4219 mufste
528 4164 588 4218 sich
606 4165 660 4218 mit
678 4165 774 4219 seinen
828 4164 891 4234 Vgl.
910 4167 993 4232 Agss.
1012 4162 1060 4216 III.

215 4233 443 4305 unbotmtfsigen
468 4234 576 4289 Leuten
602 4237 632 4289 in
657 4234 774 4289 Cilicien
864 4234 887 4304 Β)
907 4234 1041 4290 Schlaeht
1058 4234 1104 4289 bei
1123 4234 1237 4290 Cunaxa
1254 4241 1316 4291 401.

214 4305 273 4359 und
291 4304 391 4360 (larien
417 4304 467 4359 auf
487 4305 533 4360 die
552 4305 700 4361 Defensive
726 4306 773 4360 bs·
866 4305 888 4374 7)
908 4305 994 4361 Nicht
1012 4322 1105 4374 quam,
1123 4304 1189 4362 weil
1207 4307 1254 4361 cin
1271 4306 1388 4362 Fremd-

216 4375 380 4431 nemausen.
400 4376 481 4430 Denn
495 4376 541 4432 dis
556 4376 774 4432 haccdtmonier
828 4379 899 4431 wort
917 4377 997 4446 folgt.
