3028 4908
196 233 236 286 VI
582 182 790 287 PRAENATIO
809 230 989 286 EDITORIS.

196 396 291 461 libris
316 395 356 460 ad
381 396 516 460 eundem
539 393 701 477 Nepotem
723 396 776 459 vel
804 392 1075 478 ‘adaugendum',
1104 392 1370 478 quemadmodum
1467 479 1469 485 Ι
1504 408 1505 413 ’

195 504 250 570 ille
284 502 400 585 voluit,
432 503 484 565 vel
522 501 718 585 ‘pleniorem
747 499 971 584 reddendum',
1003 500 1088 584 quod
1119 501 1173 566 hie
1207 502 1371 585 spectavit,
1455 510 1462 527 ¹

196 630 300 693 nuper
323 608 516 692 conscriptis
545 629 651 672 meum
679 608 886 692 propositum
915 608 1064 691 persequi
1087 628 1154 670 non
1183 608 1244 670 sim
1268 607 1369 670 deter-

197 716 287 780 ritus.
333 713 414 780 (lum
438 716 524 780 enim
548 736 586 778 ex
609 735 802 798 unaquaque
830 712 917 797 apud
944 713 1019 778 illos
1046 697 1169 798 pagina
1192 718 1372 798 appareret,

196 844 293 906 quam
317 822 462 887 diversas
486 843 505 886 a
528 842 579 885 me
602 821 745 885 rationes
769 819 870 885 secuti
894 821 1018 905 assent,
1040 823 1169 906 gratum
1193 841 1244 883 me
1267 819 1335 884 fact
1356 856 1370 867 -
1411 804 1414 807 l

198 950 270 992 rum
293 928 459 993 nonnullis
479 928 663 993 scholarum
681 927 847 1011 magistris
867 927 1047 1011 sperabam,
1070 928 1098 992 si
1120 948 1227 991 meum
1251 927 1369 991 librum

196 1035 362 1119 inceptum
386 1035 586 1100 conficerem.

287 1139 376 1205 Haec
399 1141 555 1206 hactenus
576 1140 693 1206 dabam
713 1138 832 1206 Silusia
851 1142 926 1205 anni
947 1141 1033 1206 1873
1053 1162 1163 1205 mensa
1181 1139 1370 1224 Novembri,
1392 1197 1394 1202 ,

196 1247 428 1331 cumprimum
441 1244 604 1341 Nepotem
624 1248 760 1312 ederem.
796 1246 868 1312 Iam
881 1250 958 1332 post
971 1247 1135 1312 divendita
1149 1246 1258 1312 decem
1278 1248 1368 1311 milia

196 1353 292 1418 huius
321 1354 425 1418 libelli
454 1355 673 1438 exemplorum
700 1358 796 1439 rogat
823 1377 843 1418 a
865 1376 916 1418 me
940 1354 1133 1437 bibliopola,
1157 1358 1195 1418 ut
1218 1357 1365 1436 quartam

197 1460 374 1525 editionem
397 1461 577 1526 instituam.
614 1462 666 1524 Ad
686 1483 783 1545 quam
801 1460 942 1525 breviter
963 1460 1061 1524 liceat
1078 1459 1229 1544 praefari,
1250 1460 1368 1525 fecisse

198 1588 249 1630 me
269 1567 408 1632 libenter
428 1568 467 1632 ad
488 1571 675 1632 contextum
694 1567 771 1631 libri
791 1567 906 1631 melius
930 1564 1202 1650 constituendum,
1220 1569 1266 1644 ut,
1285 1589 1367 1650 quae

197 1675 328 1737 interim
347 1696 366 1737 a
385 1673 465 1737 viris
480 1673 582 1737 doctis
601 1671 653 1735 vel
671 1673 706 1736 in
724 1671 964 1736 commentariis
979 1671 1103 1736 diurnis
1118 1671 1155 1736 de
1175 1673 1366 1756 quibusdam

196 1779 335 1862 Nepotis
354 1779 435 1842 locis
453 1779 505 1842 vel
522 1778 738 1862 peculiaribus
758 1778 850 1842 libris
870 1779 908 1842 de
929 1779 1079 1843 universa
1097 1779 1165 1843 eius
1184 1780 1365 1844 elocutione
1489 1823 1493 1833 ·

197 1885 364 1969 disputata
387 1888 508 1964 essent,
533 1885 750 1949 examinarem
775 1888 821 1971 et,
848 1907 930 1970 quae
954 1884 1083 1970 quidem
1109 1886 1312 1970 probassem,
1334 1886 1368 1951 in

198 2013 306 2055 meum
328 2012 424 2055 usum
447 1995 675 2056 converterem.
714 1993 785 2068 Qua
807 1991 842 2055 in
859 1990 899 2056 'ra
920 1990 1060 2057 Gemssii
1083 1992 1216 2057 monitis
1240 1993 1369 2077 egregie

198 2119 250 2161 me
274 2097 421 2161 adiutum
445 2118 514 2162 esse
541 2097 704 2182 profiteor.
749 2095 917 2163 Nonnulla
940 2100 1039 2163 etiam
1062 2101 1168 2184 recepi
1189 2082 1230 2163 ¹ex
1254 2097 1370 2164 Oobeti

196 2202 362 2288 (Lugduni
380 2201 580 2268 Batavorum
601 2203 701 2288 1881)
725 2209 758 2268 et
776 2203 958 2268 Andreseui
975 2202 1205 2288 Weidnerique
1225 2201 1369 2290 (Lipsiae

199 2305 299 2395 1884)
314 2309 520 2394 editionibus,
536 2315 572 2375 ut
587 2310 636 2374 illi
654 2306 813 2374 nonnulla
831 2332 870 2374 ex
884 2331 957 2375 mea
975 2310 1027 2374 vel
1041 2311 1181 2374 secunda
1194 2312 1246 2374 vel
1263 2312 1370 2376 tertia.

197 2414 356 2481 (lebetum
376 2415 504 2501 quidem
523 2416 758 2501 quinquaginta
776 2415 843 2480 fere
862 2416 942 2482 locis
961 2437 1093 2500 prorsus
1113 2415 1256 2500 eandem,
1272 2440 1368 2502 quam

197 2545 257 2606 me,
273 2523 438 2588 nonnullis
458 2528 545 2588 certe
564 2524 704 2588 similem
719 2522 910 2588 emendandi
923 2523 1084 2587 rationem
1102 2523 1202 2587 inisse
1221 2524 1287 2587 iam
1301 2529 1370 2588 tum

196 2628 354 2711 videbam,
378 2651 450 2693 cum
474 2630 608 2694 tertiam
631 2652 737 2695 meam
761 2630 936 2695 editionem
960 2630 1149 2694 conficerem
1173 2627 1300 2717 (1882).

287 2735 327 2799 ln
350 2736 618 2800 annotationibus
642 2736 821 2801 scribendis
845 2737 879 2800 id
903 2736 984 2800 mihi
1007 2744 1077 2801 erat
1098 2738 1310 2821 propositum,
1333 2743 1370 2802 ut

197 2843 308 2925 potius
332 2842 562 2925 magistrorum
586 2842 717 2926 ingenia
740 2846 773 2906 et
796 2843 835 2906 ad
860 2843 1040 2907 orationem
1057 2841 1195 2926 Nepotis
1219 2842 1369 2908 subtilius

198 2948 451 3031 dignoscendam
475 2951 508 3011 et
531 2947 571 3011 ad
594 2969 655 3027 res,
674 2969 756 3032 quae
776 2947 816 3011 ab
836 2968 873 3011 eo
896 2948 1077 3032 traduntur,
1100 2948 1280 3012 accuratius
1299 2970 1369 3031 per-

196 3052 368 3138 quirendas
399 3054 584 3135 excitarem,
618 3076 716 3137 quam
750 3053 980 3137 discipulorum
1008 3075 1138 3138 operam
1170 3055 1205 3118 in
1233 3054 1369 3139 legendo

197 3162 355 3245 scriptore
379 3160 591 3225 sublevarem.
628 3158 681 3224 Sic
705 3161 760 3245 qui
782 3161 818 3224 in
840 3160 960 3225 scholis
984 3160 1044 3225 has
1062 3160 1148 3225 vitas
1171 3162 1290 3246 legent,
1313 3161 1370 3226 ubi

196 3267 422 3353 perspexerint
449 3267 516 3331 fere
548 3267 629 3331 nihil
658 3289 692 3332 se
720 3266 761 3332 ad
790 3267 1068 3351 interpretandum
1101 3268 1369 3332 annotationibus

198 3375 352 3455 adiuvari,
376 3396 395 3438 a
418 3376 509 3437 textu
532 3372 603 3457 ipso
626 3395 693 3441 non
716 3374 914 3438 aberrabunt
937 3374 1038 3438 oculis
1061 3375 1173 3439 auxilii
1196 3375 1369 3458 quaerendi

196 3503 301 3546 eausa.
351 3478 510 3564 Magister
538 3484 647 3544 autem
675 3501 714 3544 ex
742 3479 1009 3545 annotationibus
1037 3484 1180 3565 tantum,
1212 3484 1369 3566 quantum

195 3589 297 3669 volet,
334 3586 375 3651 ad
408 3585 627 3669 explanandas
665 3586 809 3671 singulas
846 3608 898 3651 res
930 3587 1108 3670 depromet.
1162 3585 1257 3652 (lerte
1293 3587 1368 3652 illae

196 3693 355 3778 aptiorem
383 3693 528 3757 libellum
557 3692 716 3777 efficiunt,
745 3693 800 3777 qui
828 3693 1123 3776 aprovectioribus
1155 3714 1283 3777 quoque
1307 3692 1368 3757 dis-

197 3799 315 3884 cipulis
338 3800 389 3863 vel
412 3799 575 3866 formandi
598 3800 667 3864 stili
688 3800 739 3865 vel
762 3821 868 3864 rerum
893 3800 1161 3864 addiscendarum
1185 3820 1282 3864 causa
1304 3801 1369 3882 pri-

195 3907 280 3971 vatis
305 3905 420 3969 studiis
442 3907 611 3970 recolatur.

286 4047 474 4113 Scribebam
498 4045 636 4112 Silusiae
660 4021 738 4112 anni
762 4049 848 4114 1888
872 4068 983 4112 menso
1006 4046 1102 4111 Maio.
1140 4036 1143 4040 ¹

1098 4251 1313 4319 ortmann.
