3028 4908
606 186 680 243 XVI.
707 186 917 246 PELOPIDAS.
941 192 1008 243 1³2.

603 458 697 531 XVI.
739 456 1011 532 PELOPIDAS.

184 629 200 677 1
308 612 335 679 Ι.
375 613 548 697 Pelopidas
589 613 764 680 Thebanus
804 614 910 699 magis
951 613 1116 679 historicis
1157 636 1254 699 quam
1296 616 1399 701 vulgo

219 700 359 786 notus1).
391 700 490 767 (iuius
508 702 548 766 de
565 702 742 769 virtutibus
762 703 876 768 dubito
896 724 990 787 quem
1010 703 1050 767 ad
1068 701 1200 767 modum
1222 724 1398 787 exponam,

220 791 306 875 quod
338 811 465 868 vereor,
502 790 531 855 si
564 793 744 857 accuratius
777 812 829 857 res
862 792 1021 877 explicare
1052 790 1222 876 incipiam,
1255 813 1297 857 ne
1329 814 1398 858 non

220 878 322 943 vitam
346 877 414 943 eius
439 900 598 962 enarrare,
621 880 676 944 sed
695 879 868 945 historiam
890 879 1001 946 uidear
1024 879 1179 945 scribere:
1203 880 1232 944 si
1254 884 1397 946 tantum-

155 966 162 977 '
219 966 316 1031 modo
344 988 452 1032 rerum
482 989 642 1033 summam
670 970 823 1053 attigero,
855 989 897 1032 ne
924 967 1058 1033 rudibus
1086 966 1270 1032 litterarum
1299 968 1398 1035 Grae·

221 1076 331 1119 carum
355 1056 463 1121 minus
486 1056 625 1121 dilucide
649 1060 814 1141 appareat,
838 1061 977 1140 quantus
1000 1056 1099 1120 fuerit
1120 1056 1177 1120 ille
1195 1053 1288 1141 ἥτ’).
1334 1057 1400 1122 Ita·

222 1165 285 1227 que
308 1143 437 1228 utrique
460 1144 517 1229 rei,
540 1146 699 1229 quantum
721 1150 869 1230 potuero,
892 1166 1069 1229 occurram,
1093 1148 1125 1209 et
1147 1144 1302 1211 medebor
1324 1166 1398 1211 cum

219 1232 366 1298 satietati
388 1240 461 1298 tum
482 1232 687 1318 ignorantiae
709 1235 877 1299 lectorum.

185 1337 201 1383 2
310 1321 492 1387 Phoebidas
515 1320 803 1406 Lacedaemonius,
833 1344 906 1387 cum
934 1322 1109 1386 exercitum
1133 1319 1230 1405 Olyn·
1254 1325 1297 1402 [a.
1315 1322 1397 1405 382]

221 1405 348 1497 thum⁸)
372 1410 502 1475 duceret
519 1412 645 1495 iterque
662 1432 721 1495 per
739 1410 868 1476 Thebas
890 1410 1022 1492 laceret,
1045 1430 1152 1474 arcem
1171 1410 1291 1493 oppidi,
1311 1432 1396 1495 quae

222 1496 364 1564 Cadmea
378 1499 575 1583 nominatur,
590 1500 759 1583 occupavit
770 1500 916 1584 impulsu
929 1494 1141 1582 paucorum4)
1154 1497 1396 1583 Thebanorum,

219 1588 275 1671 qui
294 1587 499 1652 adversariae
517 1587 651 1652 factioni
670 1610 733 1672 quo
752 1588 880 1652 facilius
898 1587 1096 1664 resisterent,
1114 1585 1279 1650 Laconum
1297 1588 1396 1669 rebus

183 1690 199 1738 3
220 1676 403 1759 studebant,
425 1676 521 1760 idque
544 1697 603 1741 suo
626 1676 764 1760 privato,
787 1698 854 1740 non
875 1676 1006 1759 publico
1028 1673 1108 1740 fecit
1131 1675 1276 1740 consilio.
1321 1674 1395 1752 Quo

217 1762 306 1828 facto
335 1785 409 1828 eum
435 1762 685 1828 Lacedaemonii
712 1764 752 1828 ab
784 1765 925 1829 exercitu
956 1768 1162 1829 removerunt
1194 1763 1396 1849 pecuniaque

218 1851 414 1916 multarunt:
437 1873 541 1935 neque
565 1873 602 1916 eo
624 1852 730 1937 magis
753 1873 860 1917 arcem
878 1852 1044 1918 Thebanis
1067 1850 1284 1937 reddiderunt,
1308 1854 1396 1937 quod

219 1936 413 2025 susceptis⁵)
437 1939 617 2005 inimicitiis
641 1940 743 2005 satius
762 1940 925 2005 ducebant
948 1962 1003 2006 eos
1026 1939 1176 2006 obsideri.
1212 1938 1299 2004 Nam
1317 1945 1397 2025 post

218 2026 493 2110 Peloponnesium
519 2029 643 2093 bellum
670 2029 886 2112 compositum
909 2028 1120 2113 Athenasque
1148 2028 1290 2094 devictas
1320 2050 1395 2094 curn

217 2114 383 2181 Thebanis
411 2117 475 2180 sibi
507 2139 576 2181 rem
608 2138 679 2182 esse
708 2118 938 2184 existimabant
964 2120 998 2182 et
1028 2138 1084 2182 eos
1111 2137 1181 2181 esse
1209 2115 1311 2202 solos,
1339 2119 1396 2202 qui

185 2221 202 2268 4
221 2205 375 2269 adversus
398 2225 432 2269 se
453 2209 541 2270 stare
560 2202 756 2291 auderent⁶).
792 2206 863 2271 Hac
882 2211 990 2271 mente
1014 2204 1127 2271 amicis
1150 2204 1197 2269 ibi
1221 2205 1288 2269 suis
1308 2227 1395 2271 sum·

218 2315 289 2358 mas
312 2296 492 2377 potestates
516 2294 672 2359 dederant
693 2295 888 2378 alterimque
911 2294 1063 2360 factionis
1086 2293 1249 2378 principes
1272 2294 1396 2377 partim

218 2380 459 2466 interfecerant,
483 2383 564 2448 alios
586 2383 622 2447 in
646 2383 793 2447 exsilium
818 2383 993 2448 eiecerunt:
1023 2382 1197 2467 inquibus
1221 2381 1396 2466 Pelopidas

218 2471 280 2556 hic,
303 2471 342 2535 de
365 2493 429 2556 quo
447 2473 593 2564 ,scribere
617 2472 723 2536 exorsi
747 2493 867 2556 sumus,
889 2474 1004 2555 pulsus
1027 2471 1135 2555 patria
1158 2472 1298 2535 carebat.

184 2577 198 2623 1
306 2558 350 2624 ΙΙ.
386 2559 432 2625 Hi
460 2583 571 2626 omnes
598 2561 666 2625 fere
689 2559 837 2625 Athenas
862 2581 896 2625 ss
920 2561 1136 2644 contulerant,
1165 2579 1232 2623 non
1256 2581 1320 2642 quo
1345 2580 1395 2624 se·

218 2653 391 2731 querentur
418 2650 534 2733 otium,
561 2649 618 2713 sed
645 2653 694 2732 ut,
743 2670 818 2713 uem
842 2670 881 2713 ex
902 2649 1051 2734 proximo
1059 2645 1086 2732 7)
1114 2648 1220 2712 locum
1242 2646 1311 2711 fors
1336 2648 1394 2713 ob-

182 2753 198 2801 a
218 2736 357 2820 tulisset,
376 2757 414 2800 eo
433 2739 575 2819 patriam
593 2757 783 2822 recuperare
801 2739 991 2803 niterentur.
1027 2736 1141 2820 Itaque
1159 2757 1233 2800 cum
1259 2735 1395 2817 [aeia]

216 2828 345 2908 tempus
375 2829 462 2889 esset
488 2826 592 2888 visum
623 2826 671 2889 rei
698 2825 871 2909 gerendae,
906 2824 1119 2891 communiter
1146 2844 1218 2888 cum
1250 2823 1305 2906 iis,
1338 2825 1396 2907 qui

218 2911 339 2975 Thebis
366 2911 452 2975 idem
481 2912 679 2995 sentiebant,
707 2914 793 2977 diem
821 2914 1011 2999 delegerunt
1038 2912 1079 2977 ad
1106 2912 1254 2977 inimicos
1285 2914 1396 2996 oppri-

218 2998 353 3064 mendos
381 2999 609 3085 civitatemque
636 3000 836 3066 liberandam
860 3024 949 3087 eum,
978 3023 1042 3087 quo
1065 3000 1198 3066 maximi
1221 3001 1397 3085 magistra·

256 3209 276 3279 ¹)
303 3209 360 3263 Der
390 3208 476 3264 indic.
506 3224 596 3278 praes.
628 3226 683 3265 von
715 3226 776 3265 esse
830 3187 1397 3279 NachrichtenhlellondabeidieHaupt·

215 3280 291 3334 kann
302 3278 480 3350 wegbleiben
492 3280 541 3335 bei
550 3280 704 3335 Sentenaen
718 3281 776 3336 und
829 3281 901 3337 rolla
920 3282 1030 3352 spielte.

214 3349 527 3406 zusammeniassenden
556 3351 692 3406 Urteilen.
739 3351 775 3407 So
867 3369 889 3441 a)
909 3370 960 3425 Die
974 3368 1395 3448 Lacedqaqendiemffieg

215 3421 288 3524 auqh
306 3421 357 3476 (¹⁰²
373 3422 458 3505 111de
477 3420 552 3505 peffg
566 3420 667 3477 Ohabf·
682 3421 730 3505 ἶΠι
749 3428 775 3476 4·
830 3441 872 3495 als
896 3440 1010 3510 Birgen
1038 3443 1096 3498 und
1123 3440 1317 3501 Vollstrecker
1344 3447 1394 3503 des
1455 3428 1459 3435 ι

264 3492 346 3563 )Um
365 3494 490 3549 nlmlmh
513 3508 589 3548 ⁵⁰11¹0
609 3491 774 3548 V⁰fd¹³¹1⁸i0
830 3510 1053 3568 antalcidischen
1071 3513 1205 3568 Friedens
1230 3520 1394 3574 unternom-

214 3562 322 3634 fisshiiss
340 3582 373 3619 ΖΠ
390 3563 545 3634 Wfifdigessv
563 3562 665 3618 ΗΜΘ
679 3562 774 3633 N⁸P⁰⁸
829 3599 903 3651 meo,
919 3583 983 3638 dem
993 3583 1132 3653 Olynthus
1147 3582 1207 3641 sich
1216 3586 1296 3643 nicht
1306 3587 1395 3659 tugen

214 3621 418 3691 denlibermut
449 3635 499 3690 der
531 3634 684 3705 Spartaoer
717 3634 775 3689 und
828 3653 932 3710 ,70th

214 3706 269 3761 den
293 3705 389 3787 Druck
416 3705 492 3761 ihres
517 3705 677 3776 Principats
701 3705 776 3760 nach
865 3724 1327 3795 ⁴)Derofigqr0h120henpm02

214 3777 268 3831 den
278 3776 557 3832 Pnedensschlfissen
571 3793 628 3833 von
642 3776 695 3831 dan
707 3776 775 3831 Jah-
866 3814 887 3881 ⁶)
906 3812 1113 3884 Hypothefiwh
1131 3814 1302 3874 mulmen-

212 3864 264 3901 ren
286 3851 339 3902 404
362 3847 421 3901 und
442 3853 494 3903 887
522 3847 686 3915 erwahnen,
714 3849 774 3903 also

213 3917 243 3971 in
258 3916 303 3971 die
317 3916 491 3986 griechische
505 3917 675 3973 Geschichte
693 3918 775 3973 uber·
865 3901 888 3970 θ)
907 3900 964 3956 Der
976 3901 1065 3956 nile!
1077 3903 1207 3972 Ῑῑθέθῦᾶθ
1222 3906 1319 3961 Grund
1334 3925 1395 3963 war

213 3988 303 4056 haupt
321 3987 518 4044 abgehwoifffiJ,
549 3989 643 4044 Selbgt
662 3987 709 4042 die
722 3988 775 4044 Be.
829 3972 904 4027 wohl
929 3971 1058 4027 Thebens
1086 3974 1316 4033 hervortretende
1339 3978 1393 4033 Ba-

214 4058 305 4115 freiun
342 4059 472 4113 Thebans
490 4060 530 4113 im
547 4059 632 4115 Jahre
649 4064 710 4123 879,
729 4059 775 4114 die
829 4040 972 4168 leffissung
985 4058 1022 4096 ²11
1035 4042 1099 4098 dem
1113 4046 1279 4130 bdotisehen
1288 4047 1393 4130 liriege

215 4130 270 4185 den
322 4129 485 4199 auptinhalt
511 4131 561 4185 der
586 4130 649 4185 vita
676 4128 775 4197 bildet,
829 4118 881 4167 395
913 4129 952 4167 ¹¹¹1
1004 4130 1041 4168 ³¹1
1078 4115 1141 4171 dem
1177 4117 1393 4175 konnthlscben

214 4202 253 4256 ist
267 4200 330 4257 eine
345 4201 398 4255 Art
409 4200 637 4271 Abschweifung,
650 4200 776 4254 insofem
830 4188 981 4239 394-887·

213 4270 295 4326 nicht
312 4271 362 4326 der
376 4272 485 4327 damals
502 4273 576 4326 noch
592 4273 680 4343 junge
693 4269 774 4325 Pelo·
868 4273 888 4340 7)
908 4274 1124 4344 ,pearsonius
1160 4275 1251 4332 Locus
1274 4275 1313 4333 ist
1331 4277 1395 4333 hier

213 4343 307 4413 pidas,
337 4343 457 4399 condem
483 4344 557 4399 nach
579 4343 635 4398 den
657 4340 775 4398 altesten
829 4342 1024 4414 Gelegenheit.
