3028 4908
352 224 424 280 VIII.
453 223 726 279 THRASYBULUS.
750 230 776 280 4.
813 224 859 279 ΙΧ.
888 223 1022 279 CONON.
1047 231 1070 281 1.
1254 225 1296 289 29

124 393 283 472 tyrannos
307 393 340 451 et
363 388 488 465 decem,
511 388 565 471 qui
590 393 704 470 postea
713 385 751 474 11)
775 393 940 472 praetores
964 388 1065 452 creati
1096 389 1298 470 superiorum

123 482 309 560 temporum
333 476 523 541 crudelitate
547 479 638 539 erant
661 478 721 557 usi,
746 476 950 540 afficerentur
970 476 1084 540 exsili0
1107 497 1187 540 neve
1211 478 1298 541 bona

124 566 383 649 publicarentur:
400 564 449 628 rei
468 565 615 646 publicae
635 564 820 647 procuratio
834 564 956 648 populo
970 565 1166 629 redderetur.
1189 566 1297 648 Atque
1316 581 1332 630 2

123 654 224 717 etiam
253 660 289 716 ut
317 653 462 717 valerent
488 653 545 717 illa
573 653 685 716 effecit.
729 649 816 716 Nam
841 675 914 717 cum
942 653 1073 737 quidam
1100 654 1217 737 exiis,
1241 656 1297 738 qui

124 743 222 806 simul
241 763 314 806 cum
333 743 405 825 ipso
424 742 460 804 in
479 741 593 805 exsilio
612 741 749 824 fuerant,
768 742 898 805 caedem
916 740 1022 806 facere
1042 763 1153 806 eorum
1167 742 1297 816 vellent,

123 852 199 895 cum
222 830 339 914 quibus
366 830 566 915 ingratiam
593 829 732 894 reditum
756 835 826 894 erat
853 831 994 914 publice,
1018 829 1185 914 prohibuit
1207 837 1241 893 et
1263 831 1296 894 id

124 919 211 1003 quod
234 918 400 1001 pollicitus
425 923 495 982 erat
516 917 690 1000 praestitit
732 917 938 983 Praeclarum
960 919 1022 983 hoc
1045 940 1173 1003 quoque
1197 918 1296 983 Thra·
1315 935 1331 982 3

124 1008 241 1091 sybuli,
259 1007 345 1092 quod
363 1008 572 1071 reconciliata
590 1028 679 1089 pace,
693 1028 766 1071 cum
784 1008 959 1091 plurimum
977 1008 1011 1071 in
1026 1008 1159 1071 civitate
1177 1013 1297 1091 posset,

124 1098 232 1179 legem
249 1095 336 1179 tulit,
358 1117 399 1159 ne
418 1095 491 1178 quis
511 1103 585 1160 ante
604 1100 749 1159 actarum
768 1118 875 1160 rerum
895 1102 1100 1161 accusaretur
1119 1118 1199 1160 neve
1219 1096 1297 1159 mul-

124 1189 261 1266 taretur,
283 1206 417 1268 eamque
440 1184 491 1248 illi
513 1183 686 1248 oblivionis
709 1184 924 1267 appellarunt.

214 1271 271 1336 IV.
308 1272 372 1336 Pro
400 1273 503 1337 tantis
530 1271 655 1336 meritis
684 1273 713 1335 ei
740 1269 907 1355 coronam)
936 1296 956 1336 a
982 1272 1104 1357 populo
1133 1271 1208 1336 data
1236 1277 1330 1355 est,1

123 1361 212 1424 facta
235 1361 361 1425 duabus
385 1361 520 1445 virgulis
545 1360 714 1445 olcaginia.
747 1360 851 1437 Quam
874 1361 960 1443 quod
984 1383 1076 1425 amor
1099 1361 1217 1424 civium
1241 1361 1296 1424 ob·

121 1450 252 1531 tulerat,
274 1471 341 1513 non
359 1450 407 1513 vis
421 1453 633 1533 expresserat,
650 1449 775 1513 nullam
793 1449 908 1514 habuit
926 1449 1080 1513 invidiam
1096 1470 1296 1533 magnaeque

121 1537 187 1601 fuit
206 1538 338 1623 gloriae.
360 1536 448 1602 Bene
468 1538 566 1603 etiam
584 1537 730 1602 Pittacus
749 1538 814 1620 ille,
833 1538 888 1622 qui
911 1539 945 1601 in
965 1543 1088 1622 septem
1113 1538 1296 1620 sapientum
1314 1555 1331 1603 a

122 1647 258 1691 numero
283 1630 333 1690 est
354 1626 496 1707 habitus,
520 1649 593 1691 cum
607 1625 794 1710 Mytilenaei
817 1627 920 1690 multa
944 1627 1035 1690 milia
1057 1627 1206 1709 iugerum
1226 1627 1296 1710 agri

124 1715 155 1777 ei
178 1716 304 1778 muneri
328 1715 451 1795 darent,
474 1714 593 1785 ‘nolite
617 1737 673 1779 oro
696 1713 771 1780 vos'
795 1716 901 1799 inquit
925 1714 974 1779 ‘id
999 1715 1080 1779 mihi
1103 1715 1187 1798 dare,
1210 1715 1295 1798 quod

123 1803 221 1867 multi
243 1804 418 1881 invideant,
441 1804 549 1887 plures
569 1804 669 1868 etiam
688 1804 943 1887 concupiscant'.
971 1802 1034 1868 Illa
1056 1804 1157 1889 igitur
1175 1824 1296 1868 corona
1315 1821 1330 1868 3

124 1895 295 1956 contentus
319 1892 541 1975 Thrasybulus
568 1914 671 1976 neque
695 1893 833 1977 amplius
861 1891 1031 1976 requisivit
1054 1913 1157 1975 neque
1186 1913 1296 1975 quem-

126 2001 224 2063 quam
247 1979 369 2045 honore
394 2003 428 2044 se
451 1980 664 2045 antecessisse
687 1981 892 2045 existimavit.
931 1980 1119 2064 Insequenti
1142 1985 1332 2063 tempore,4

124 2089 199 2132 cum
221 2075 353 2152 praetor
370 2069 508 2133 classem
527 2070 567 2133 ad
585 2068 812 2154 Pamphyliam
835 2069 1013 2153 appulisset
1036 2091 1138 2153 neque
1163 2070 1204 2149 [a.
1216 2070 1294 2149 389]

124 2158 206 2221 satis
231 2158 402 2241 diligenter
421 2158 454 2221 in
474 2158 590 2222 castris
610 2158 678 2221 cius
697 2162 871 2240 agerentur
894 2158 1034 2242 vigiliae,
1053 2180 1073 2221 a
1091 2158 1238 2222 barbarie
1257 2179 1296 2220 ex

124 2245 245 2329 oppido
275 2247 428 2329 Aspendo
456 2252 555 2310 noctu
585 2246 753 2330 eruptione
782 2245 870 2310 facta
896 2245 932 2310 in
958 2245 1168 2310 tabernaculo
1197 2247 1296 2309 inter·

121 2334 226 2398 fectus
250 2343 306 2399 est.

576 2533 636 2606 IX.
672 2533 842 2606 OONON.

212 2652 238 2717 Ι.
276 2652 389 2718 Conon
418 2653 627 2717 Atheniensis
655 2650 926 2737 Peloponnesio¹)
957 2651 1042 2715 bello
1072 2672 1123 2715 ac·
1154 2652 1196 2730 [a.
1214 2650 1329 2731 413]1

124 2741 228 2806 cessit
252 2741 383 2805 adrem
406 2742 577 2825 publicam,
600 2743 772 2825 magnique
797 2742 865 2805 eius
890 2761 988 2824 opera
1010 2740 1082 2804 fuit.
1111 2738 1198 2803 Nam
1223 2760 1294 2802 cum

122 2835 259 2912 praetor
280 2829 483 2914 pedestribus
503 2830 696 2895 exercitibus
719 2830 859 2915 praefuit
881 2834 951 2893 tum
974 2829 1158 2912 praefectus
1182 2828 1294 2892 classis

121 2938 260 3001 magnas
288 2919 371 2982 mari
397 2939 448 2982 ree
477 2921 587 3003 gessit.
633 2919 709 2983 Fuit
736 2920 836 2983 etiam
866 2925 1007 2982 extremo
1035 2917 1122 2981 bello
1154 2919 1194 2997 [a.
1212 2916 1329 2997 405]2

123 3011 268 3091 praetor,
301 3029 371 3071 cum
410 3008 496 3090 apud
528 3009 637 3092 Aegos
674 3007 793 3071 flumen
829 3006 941 3091 copiae
974 3006 1221 3069 Atheniensium
1253 3006 1294 3068 ab

122 3092 293 3177 Lysandro
317 3100 393 3160 sunt
413 3096 566 3161 devictae.
598 3093 662 3160 Sed
684 3102 753 3159 tum
772 3098 806 3159 in
825 3095 962 3160 consilio
984 3095 1134 3179 neglecta
1152 3098 1204 3157 est
1226 3093 1294 3157 eius

125 3185 318 3268 auctoritas,
332 3198 443 3267 'eoque
465 3185 557 3267 peius
580 3206 632 3249 res
657 3184 899 3248 administrata:
927 3205 1003 3246 nam
1026 3188 1060 3246 et
1081 3182 1223 3266 prudens
1246 3182 1294 3245 rei

124 3272 277 3336 militaris
301 3277 333 3335 et
355 3273 493 3357 diligens
517 3279 589 3337 erat
614 3274 801 3356 imperator.
846 3271 961 3355 Itaque
983 3269 1106 3335 nemini
1136 3275 1206 3334 erat
1228 3270 1293 3334 illis
1313 3287 1329 3334 3

123 3361 325 3444 temporibus
346 3361 488 3443 dubium,
513 3361 541 3425 si
565 3383 724 3425 summam
747 3361 876 3445 imperii
894 3361 981 3424 solus
1004 3359 1181 3443 habuisset,
1203 3358 1294 3421 illam

124 3448 342 3513 Athenienses
366 3449 584 3513 calamitatem
608 3458 796 3533 accepturos
818 3472 885 3514 non
908 3445 1052 3532 fuisse2).

162 3604 195 3672 ¹¹)
231 3605 312 3660 Nach
345 3605 395 3659 der
426 3605 595 3674 Niederlage
631 3607 681 3659 der
734 3604 859 3659 nachher
871 3606 900 3658 in
915 3604 1008 3658 Athen
1023 3605 1049 3669 (ς
1061 3605 1089 3671 3)
1098 3603 1294 3667 ‘Thrasybulus

122 3674 247 3744 DreiIsig
260 3676 307 3730 bei
316 3675 477 3745 Munychia.
491 3665 630 3743 Ubrigens
644 3677 683 3730 ist
735 3677 823 3730 durch
840 3673 1072 3731 Volkebeschluls
1089 3673 1259 3743 bestttigen.

122 3744 220 3815 Nepos
234 3746 295 3800 hier
309 3764 452 3817 ungenau,
472 3748 508 3800 da
522 3747 614 3801 ausser
628 3747 683 3800 den
775 3746 808 3814 ¹²)
825 3745 909 3800 Diese
923 3745 997 3799 Ehre
1011 3747 1092 3799 nebst
1106 3743 1198 3799 einem
1211 3744 1295 3800 Geld-

122 3815 247 3885 Dreilsig
260 3834 317 3872 von
332 3818 534 3872 derAmnestie
547 3818 705 3872 nichtdie'
736 3816 878 3887 geschenk
901 3834 949 3869 zur
972 3815 1119 3884 Ilrffillung
1143 3814 1219 3870 ihrer
1242 3817 1295 3871 Ge·

123 3888 682 3959 Zehnmannerausgeschlossenwurden‚
736 3888 822 3941 labda
848 3888 942 3941 wurde
966 3885 1041 3942 allen
1064 3886 1219 3955 verliehen‚
1249 3886 1295 3942 die

122 3958 231 4012 welche
253 3958 283 4011 in
301 3958 395 4013 Athen
418 3962 491 4014 nach
514 3960 564 4014 der
581 3958 683 4014 Flucht
736 3957 790 4012 mit
799 3957 989 4025 Thrasybulus
999 3956 1295 4028 anfanglichiuPhyle

124 4027 177 4083 der
189 4027 314 4098 Dreissig
332 4046 369 4083 an
382 4031 431 4084 der
446 4028 540 4099 Spitce
554 4031 682 4098 standan,
737 4045 867 4099 gewesen
885 4045 986 4082 waren.

125 4098 247 4154 sondern
280 4101 348 4155 evei
377 4101 607 4156 Unterbehbrden
634 4101 684 4155 der
776 4101 795 4170 ¹)
815 4099 867 4153 Die
886 4099 975 4152 durch
993 4098 1187 4166 dieStellung
1210 4114 1295 4166 ange·

123 4169 259 4239 Dreissig‚
278 4171 402 4226 ntmlich
425 4172 472 4226 die
490 4172 684 4226 Zehnmtnner
737 4172 851 4226 deutete
861 4169 1026 4237 Bedeutung
1035 4170 1085 4225 des
1093 4168 1243 4237 Adjelrtivs
1252 4168 1293 4221 in·

122 4240 284 4296 imPirteus
294 4241 350 4295 und
358 4240 403 4296 die
412 4241 683 4296 Kriminalkommis·
737 4241 859 4296 volviert
877 4240 922 4293 die
942 4240 1068 4294 Partilrel
1087 4241 1218 4306 ,‚schon“.
1239 4291 1240 4295 ,

123 4308 186 4366 sion
201 4312 251 4366 der
259 4311 575 4369 ElfmitnnerinAthen.
602 4311 684 4367 Diese
775 4314 796 4382 2)
814 4312 872 4367 Vor
891 4311 955 4364 dem
969 4298 1095 4364 Uberfall
1112 4309 1168 4364 riet
1186 4326 1216 4363 er
1232 4326 1295 4364 ver-

123 4382 327 4452 Verabredung
356 4383 410 4437 mit
436 4384 589 4438 Pausanias
620 4383 684 4438 liele
738 4383 844 4453 gebens
862 4398 911 4435 zur
929 4380 1073 4449 Vorsicht,
1092 4381 1149 4434 und
1171 4381 1295 4437 nachher
