3028 4908
554 223 656 281 XVIII.
685 222 869 279 EUMENES.
895 230 920 282 1.
1279 225 1322 290 63

144 387 237 451 66116.
284 384 378 461 Quod
401 385 431 450 ei
454 407 516 451 usu
539 387 642 465 venit,
670 407 743 452 cum
767 387 992 472 octogenarius
1016 387 1159 452 subsidio
1180 389 1221 470 [a.
1241 389 1361 471 361]2

146 474 261 540 Tacho
284 475 320 538 in
334 474 523 558 Aegyptum
545 474 627 539 isset
645 475 730 539 etin
749 478 822 540 6616
840 475 1043 541 accubuisset
1061 477 1130 542 sine
1149 477 1216 544 ullo
1236 482 1321 544 tecto

145 567 350 646 stratumque
369 562 507 627 haberet
528 563 604 646 tale,
627 566 664 626 ut
685 566 774 628 terra
791 566 878 629 tecta
902 567 987 628 esset
1008 565 1196 631 stramentis
1219 589 1321 651 neque

145 672 186 716 eo
210 651 352 734 amplius
372 673 470 736 quam
489 650 585 734 pellis
608 655 695 716 esset
713 650 841 735 iniecta,
865 652 1040 737 eodemque
1059 654 1191 719 comites
1210 676 1320 720 omnes

144 739 377 804 accubuissent
398 737 519 803 vestitu
541 738 659 803 humili
683 743 781 824 atque
804 740 964 825 obsoleto,
991 745 1029 806 ut
1052 763 1163 808 eorum
1186 748 1321 808 ornatus

142 849 213 893 non
231 827 329 893 modo
351 828 387 891 in
410 823 530 914 1611611)
555 847 665 912 regem
687 828 851 893 neminem
870 829 1075 915 significaret,
1098 831 1154 895 sed
1171 831 1322 900 homines.

143 916 441 981 non'beatissimos
465 936 536 981 esse
554 916 770 1000 suspicionem
789 917 969 1000 praeberet.
1009 917 1102 983 Illius
1121 920 1160 983 de
1179 921 1320 986 adventu
1338 936 1355 984 3

142 1025 217 1069 cum
240 1005 330 1069 fama
353 1004 394 1069 ad
417 1005 525 1089 regios
548 1007 635 1069 esset
656 1005 794 1090 perlata,
824 1006 1129 1072 6616111611666616
1152 1030 1189 1073 eo
1214 1009 1319 1074 ouius-

141 1094 193 1157 vis
221 1093 350 1177 generis
377 1096 456 1157 sunt
485 1093 593 1158 allata
639 1092 877 1170 Quaerentibus
907 1097 1017 1161 autem
1044 1094 1235 1180 Agesilaum
1264 1098 1319 1163 vix

141 1180 223 1245 fides
245 1180 333 1246 facta
355 1185 421 1261 cst,
443 1203 544 1246 uuum
567 1201 638 1245 esse
661 1202 700 1245 ex
722 1181 804 1264 illis,
827 1182 882 1266 qui
904 1186 975 1248 tum
999 1184 1208 1249 accubabant.
1255 1185 1319 1261 Qui
1337 1201 1355 1250 4

141 1291 217 1333 6616
243 1271 330 1354 regis
355 1269 463 1334 verbis
492 1290 576 1353 quae
599 1270 777 1334 attulerant
799 1270 976 1351 dedissent,
1006 1271 1061 1336 ille
1084 1276 1213 1355 praeter
1235 1274 1317 1338 vitu-

141 1357 247 1422 linam
270 1362 304 1422 et
322 1357 482 1422 eiusmodi
506 1377 626 1442 genera
648 1358 785 1438 obsonii,
808 1381 890 1443 quae
908 1381 1063 1443 praesens
1085 1363 1214 1444 tempus
1237 1360 1318 1425 desi·

140 1444 292 1529 derabat,
324 1445 408 1510 nihil
436 1447 574 1530 aceepit:
601 1450 780 1531 unguenta,
808 1468 943 1512 coronas
972 1448 1207 1533 secundamque
1230 1470 1316 1514 men·

139 1555 212 1599 sam
242 1534 344 1599 serris
373 1534 551 1618 dispertiit,
584 1537 692 1599 cetera
721 1534 835 1599 referri
866 1535 970 1600 iussit.
1020 1537 1091 1613 Quo
1123 1537 1210 1602 facto
1243 1555 1352 1604 66166

139 1622 275 1687 barbari
297 1623 402 1707 magis
426 1623 525 1687 etiam
548 1625 824 1708 contempserunt,
846 1624 933 1708 quod
956 1625 1142 1709 ignorantia
1165 1647 1238 1691 eum
1261 1627 1317 1691 bo·

138 1732 256 1775 narum
279 1731 387 1775 rerum
411 1711 471 1774 illa
493 1711 700 1795 potissimum
724 1712 901 1795 sumpsisse
924 1713 1176 1779 arbitrabantur.

231 1799 278 1863 At
310 1821 383 1864 cum
416 1820 456 1864 ex
488 1800 641 1883 Aegypto
673 1804 901 1884 reverteretur,
933 1800 1071 1866 donatus
1104 1806 1154 1867 est
1186 1825 1205 1866 a
1238 1822 1350 1887 reges

137 1884 409 1972 11661666111611)
438 1888 584 1952 16666116
611 1887 729 1972 viginti
755 1889 902 1971 talentis,
931 1911 1012 1973 quae
1039 1891 1165 1955 muneri
1192 1893 1313 1975 populo

139 1997 200 2041 suo
225 1975 326 2041 daret.
370 1975 434 2042 Sed
457 1997 529 2040 eum
552 1976 695 2041 venisset
717 1977 752 2040 in
774 1981 914 2061 portum,
938 1980 993 2062 qui
1011 1977 1153 2044 Menelai
1170 1984 1313 2065 vocatur,

136 2064 247 2129 iacens
274 2064 362 2129 iuter
388 2062 533 2148 Cyrenas
561 2068 595 2129 et
621 2064 822 2149 Aegyptum,
849 2066 885 2130 in
912 2068 1063 2131 morbum
1090 2066 1313 2154 implicitus²¹l

137 2152 286 2219 decessit.
322 2152 374 2217 Ibi
392 2173 466 2216 eum
485 2153 590 2236 amici,
614 2173 678 2236 quo
693 2151 846 2236 Spartam
864 2153 992 2219 facilius
1010 2155 1152 2239 perferre
1170 2163 1312 2242 possent,
1332 2176 1347 2224 1

137 2241 224 2324 quod
251 2241 317 2305 mel
344 2261 411 2305 666
438 2240 619 2320 habebant,
650 2262 724 2305 cera
752 2242 1027 2308 circumfuderunt
1058 2248 1155 2329 atquc
1183 2245 1231 2310 ita
1258 2245 1312 2310 do·

136 2351 228 2394 mum
251 2326 503 2414 rettulerunt²²l.

518 2614 650 2688 XVIII.
686 2614 928 2688 EUMENES.

224 2752 250 2818 Ι.
281 2751 437 2819 Eumenis
465 2751 615 2820 Cardiani
647 2755 763 2820 virtuti
796 2755 824 2820 si
855 2777 915 2839 par
953 2754 1029 2821 1616
1055 2760 1142 2822 66661
1170 2756 1344 2841 fortuna,1

132 2864 202 2908 666
235 2841 290 2905 1116
324 2842 452 2926 quidem
479 2844 598 2928 maior,
629 2843 715 2928 quod
748 2864 884 2928 magnos
915 2865 977 2909 nos
1009 2845 1157 2910 homines
1188 2846 1309 2912 virtute

133 2931 299 3013 metimur,
321 2950 387 2995 666
409 2930 550 3015 fortuna,
573 2932 630 2997 sed
653 2932 757 2998 multo
780 2931 939 2998 illustrior
962 2936 1061 3018 atque
1084 2934 1183 2999 etiam
1206 2935 1309 3001 hono-

131 3019 238 3083 ratior
259 3018 385 3085 fuisset.
430 3017 517 3085 Nam
540 3042 612 3085 cum
636 3025 727 3086 66166
750 3021 819 3085 6166
842 3021 1011 3087 incidisset
1033 3022 1075 3086 iu'
1090 3044 1128 3087 66
1150 3026 1343 3107 temporat

133 3108 254 3191 quibus
276 3105 471 3172 Macedones
493 3108 661 3192 florerent,
691 3110 831 3173 multum
855 3111 885 3174 ei
908 3109 1048 3174 detraxit
1071 3110 1156 3175 16161
1179 3112 1239 3177 hos
1261 3113 1308 3178 vi-

131 3193 239 3279 venti,
261 3195 347 3279 quod
370 3195 494 3261 alienae
523 3201 593 3262 erat
614 3197 768 3263 civitatis:
794 3218 899 3282 neque
922 3197 1009 3263 aliud
1032 3200 1061 3263 ei
1084 3198 1188 3264 defuit
1211 3220 1343 3285 quamo

132 3303 294 3368 generosa
321 3284 435 3368 stirps,
466 3286 528 3350 etsi
558 3285 732 3351 demestico
761 3308 888 3352 summo
920 3307 1037 3372 genere
1066 3291 1144 3353 erat.
1193 3286 1308 3373 Neque

130 3376 245 3438 tamen
271 3392 337 3436 non
360 3373 570 3455 patiebantur
592 3373 800 3458 Macedones,
828 3376 976 3460 quamvis
1001 3376 1135 3461 indigne
1157 3375 1308 3461 ferentes,

132 3482 207 3525 eum
240 3460 303 3525 sibi
336 3461 511 3545 aliquando
544 3463 709 3546 anteponi.
762 3461 927 3528 Vincebat
958 3463 1044 3528 euim
1077 3485 1189 3529 omnes
1222 3487 1307 3550 cura,

133 3549 317 3635 vigilantia,
338 3550 508 3633 patientia,
531 3550 718 3633 ealliditate,
740 3551 864 3636 ingenii
887 3550 1062 3616 celeritate.

220 3637 543 3704 Peradulesceutulus
567 3639 606 3704 ad
631 3639 807 3704 amicitiam
836 3640 974 3704 66666611
991 3639 1145 3724 Philippi,
1169 3642 1211 3721 [6.
1225 3642 1305 3724 343]
1325 3662 1342 3711 4

5 3764 7 3779 ‹
130 3725 297 3810 Amyntae
315 3725 385 3810 filii,
407 3727 560 3812 brevique
581 3730 729 3812 tempore
752 3728 787 3791 in
805 3727 954 3792 intimam
973 3728 1120 3811 pervenit
1137 3727 1306 3796 familiari·

130 3816 247 3878 tatem:
283 3815 432 3900 fulgebat
463 3817 550 3880 enim
582 3816 649 3880 iam
675 3816 710 3880 in
740 3815 983 3881 adulescentulo
1010 3817 1134 3882 indoles
1165 3819 1305 3885 virtutis.

130 3901 247 3987 Itaque
275 3903 332 3967 ille
360 3925 434 3968 eum
462 3904 502 3968 ad
530 3926 661 3968 manum
684 3903 800 3969 habuit
828 3903 952 3970 scribae
975 3905 1061 3989 loco,
1088 3907 1174 3990 quod
1201 3909 1341 3976 multos

167 4093 455 4164 ι1)Ι166Ρ16661666
476 4095 590 4150 vertritt
612 4095 691 4150 nicht
783 4093 816 4164 ¹⁰)
840 4095 1013 4152 Nectanabis
1035 4097 1081 4166 II,
1113 4097 1161 4152 166
1194 4097 1304 4151 ’1661166

129 4164 242 4222 eiufaoh
265 4165 310 4220 die
334 4165 422 4221 Stelle
446 4166 493 4221 des
513 4164 690 4220 substantive
744 4165 867 4235 Gegner,
897 4185 931 4220 au
960 4168 1024 4222 dem
1046 4165 1195 4236 Agesilaus
1223 4166 1304 4222 uber·

128 4236 183 4291 wie
210 4237 247 4304 ia,
276 4238 398 4292 eundern
425 4236 536 4292 66111111
562 4235 689 4304 augleich
742 4252 891 4339 gegangeu
910 4254 975 4295 war.

129 4306 191 4362 eine
208 4306 393 4376 Hinweisung
411 4308 460 4363 auf
477 4307 528 4361 das
545 4306 690 4378 kltgliehe
795 4307 815 4377 ¹)
835 4310 915 4363 Anm.
935 4328 969 4363 zu
987 4309 1070 4364 Paua.
1089 4306 1136 4374 IV,
1155 4314 1180 4364 6.

5 4368 6 4387 ’
128 4377 275 4434 Aussehen
293 4376 344 4432 der
361 4379 486 4435 comites.
781 4378 816 4448 a»)
835 4376 931 4450 Gegen
948 4379 1025 4434 Eude
1045 4380 1093 4433 des
1111 4378 1284 4435 1611166361.
