3028 4908
212 179 254 243 12
615 175 650 231 11.
677 173 878 230 Amerinus.
904 183 927 230 1.
947 181 971 231 2.

212 362 309 426 quam
332 339 355 404 ii
378 340 544 423 poterant,
567 338 623 422 qui
646 337 681 402 in
703 335 835 402 Perside
858 339 950 401 erant
972 338 1042 402 nati
1073 339 1114 418 [a.
1136 339 1228 421 472}
1272 337 1391 426 Atque

176 447 284 496 acum
307 428 411 495 multa
438 427 509 511 regi
532 430 618 492 esset
639 426 806 510 pollicitus
829 426 1116 511 gratissimumque
1138 427 1233 510 illud,
1257 429 1287 493 si
1317 431 1391 495 suis

211 518 262 583 uti
284 517 429 582 consiliis
452 516 558 599 vellet,
582 513 753 580 Graeciam
775 514 868 579 illum
889 513 975 579 bello
997 535 1234 600 oppressurum,
1257 519 1394 603 magnis

210 606 397 671 muneribus
416 605 458 669 ab
473 603 652 669 Artaxerxe
671 603 810 668 donatus
828 603 864 667 in
877 601 991 668 Asiam
1009 603 1106 669 rediit
1120 603 1392 692 domiciliumque

175 712 191 761 3
211 694 400 779 Magnesiae
419 693 484 757 sibi
506 693 684 758 constituit.
715 690 865 775 Namque
883 691 967 755 hano
985 692 1099 756 urbem
1117 693 1148 757 ei
1165 714 1222 761 rex
1240 693 1393 775 donarat,

211 804 293 869 quae
313 783 342 847 ei
364 802 482 866 panem
501 782 673 866 praeberet
697 778 749 866 (er
770 801 834 863 qua
851 780 984 864 regione
1003 780 1241 865 quinquaginta
1263 783 1394 848 talenta

211 871 386 956 quotannis
409 867 582 955 redibant),
604 869 822 952 Lampsacum
845 872 969 951 autem,
991 868 1076 933 unde
1099 869 1209 934 vinum
1236 875 1391 954 sumeret,

210 959 357 1044 Myunta,
380 980 419 1023 ex
442 980 507 1042 qua
529 958 702 1023 obsonium
724 956 868 1022 haberet.

175 1063 193 1112 4
301 1046 548 1113 Monumentum
563 1046 623 1113 viri
637 1045 811 1111 clarissimi
830 1043 871 1109 ad
888 1048 1036 1110 nostram
1055 1046 1245 1112 memoriam
1264 1049 1393 1113 mansit

212 1138 396 1220 sepulcrum
419 1136 454 1199 in
481 1134 554 1201 foro
576 1133 774 1219 Magnesiae.
819 1133 869 1197 De
892 1130 1044 1218 morte¹⁸)
1072 1136 1182 1200 autem
1205 1136 1275 1200 eius
1297 1137 1392 1201 varie

212 1226 299 1309 apud
331 1225 502 1310 plerosque
534 1223 694 1308 scriptum
726 1225 788 1305 est,
821 1222 877 1286 sed
912 1243 973 1287 nos
1006 1223 1143 1287 eundem
1178 1223 1391 1307 potissimum

211 1312 434 1397 Thucydidem
454 1316 619 1378 auctorem
637 1311 823 1396 probamus,
841 1311 895 1395 qui
911 1311 1005 1377 illum
1025 1311 1072 1376 ait
1090 1312 1202 1377 morbo
1222 1315 1391 1379 mortuum

211 1401 316 1486 neque
347 1405 448 1486 negat
480 1401 580 1465 fuisse
611 1400 747 1483 famam,
774 1420 933 1464 venenum
966 1422 1026 1465 sua
1057 1402 1172 1484 sponte
1202 1404 1393 1487 sumpsisse,

212 1512 296 1569 cum,
310 1511 393 1575 quae
411 1490 481 1574 regi
495 1489 534 1553 de
551 1487 689 1553 Graecia
702 1488 914 1571 opprimenda
932 1488 1097 1572 pollicitus
1112 1492 1207 1573 esset,
1221 1493 1393 1573 praestare

176 1595 247 1643 sse
274 1600 370 1663 posse
400 1577 595 1660 desperaret.
639 1576 731 1640 Idem
759 1597 835 1641 ossa
861 1577 931 1641 eius
955 1578 1053 1660 clam,
1082 1578 1236 1661 quoniam
1258 1577 1392 1663 legibus

210 1666 244 1731 id
262 1688 329 1732 non
345 1665 582 1749 concederetur,
600 1664 686 1749 quod
703 1663 903 1749 proditionis
921 1668 1007 1731 esset
1026 1666 1209 1751 damnatus,
1227 1667 1263 1731 in
1275 1667 1392 1732 Attica

212 1755 341 1837 sepulta
364 1753 550 1818 dictitatum
573 1754 614 1818 ab
639 1753 751 1818 amicis
775 1754 950 1819 memoriae
973 1754 1124 1839 prodidit.

619 2073 981 2170 mffiffls

177 2230 192 2278 1
300 2212 327 2279 L
363 2212 537 2297 Aristides,
564 2214 752 2298 Lysimachi
781 2215 883 2297 filius,
906 2212 1129 2297 Atheniensis,
1153 2215 1302 2297 aequalis·
1319 2215 1389 2281 fere

176 2318 192 2366 2
211 2301 275 2367 fuit
292 2301 515 2384 Themistocli,
533 2305 630 2387 atque
650 2324 723 2367 cum
743 2325 781 2367 eo
800 2302 839 2367 de
857 2303 1042 2387 principatu
1061 2302 1235 2368 contendit
1266 2301 1388 2390 Cogni-

210 2394 279 2455 tum
299 2393 349 2456 est
368 2394 477 2456 autem
495 2391 530 2455 in
548 2391 609 2476 his,
633 2394 755 2477 quanto
775 2393 956 2455 antestaret
974 2392 1157 2474 eloquentia
1175 2392 1390 2458 innocentiae.

211 2478 413 2563 Quamquam
439 2479 526 2544 enim
545 2479 624 2544 adeo
644 2479 824 2544 excellebat
842 2477 1003 2543 Aristides
1023 2478 1230 2562 abstinentia,
1248 2483 1285 2545 ut
1303 2503 1389 2547 unus

209 2572 287 2653 post
321 2567 490 2633 hominum
527 2569 732 2648 memoriam,
765 2565 893 2652 queml)
926 2567 1055 2651 quidem
1087 2589 1147 2632 nos
1180 2567 1388 2650 audierimus,

210 2656 405 2739 cognomine
427 2655 537 2720 Iustus
561 2657 605 2720 sit
623 2657 813 2740 appellatus,
836 2659 945 2720 tamen
969 2655 1224 2721 aThemistocle
1243 2657 1390 2723 collabe-

210 2744 316 2808 factus
339 2743 462 2808 testula
484 2741 575 2828 illel)
600 2744 713 2808 exsilio
738 2742 847 2808 decem
872 2766 1041 2809 annorum.
1058 2745 1216 2810 multatus
1247 2746 1289 2825 [a.
1305 2746 1387 2827 485]

174 2834 270 2897 sest.
317 2830 380 2907 uui
407 2830 537 2914 quidem
564 2852 637 2895 cum
664 2830 869 2916 intellegeret
890 2832 1024 2915 reprimi
1052 2833 1249 2898 concitatam
1276 2835 1390 2900 multi-

210 2919 356 2985 tudinem
387 2940 454 2982 non
481 2941 590 3002 posse,
623 2919 762 3002 amplius
796 2920 988 2984 contendere
1019 2921 1140 2986 noluit:
1173 2925 1285 2986 tamen
1313 2943 1388 2988 cum

211 3006 499 3074 animadvertisset
522 3007 683 3091 quendam
703 3008 907 3091 scribentem,
930 3012 967 3073 ut
985 3008 1054 3093 ipse
1072 3008 1180 3091 patria
1202 3011 1388 3097 pelleretur,

211 3096 375 3181 quaesisse
405 3097 446 3161 ab
475 3118 512 3162 eo
540 3097 670 3180 dicitur,
699 3117 798 3181 quare
824 3096 858 3160 id
885 3096 1007 3161 faceret
1035 3092 1093 3162 aut
1120 3097 1197 3181 quid
1225 3098 1387 3163 Aristides

174 3184 442 3269 acommisisset,
479 3207 536 3250 cur
571 3188 666 3251 tanta
701 3207 808 3269 poena
844 3185 962 3270 dignus
1000 3185 1177 3251 duceretur.
1232 3186 1293 3252 Oui
1329 3187 1388 3252 ille

210 3273 379 3358 respondit
407 3295 441 3337 se
468 3272 619 3358 ignorare
646 3273 841 3357 Aristidem,
868 3274 925 3338 sed
953 3274 1016 3338 sibi
1039 3295 1105 3338 non
1134 3275 1277 3360 placere,
1300 3275 1389 3361 quod

210 3366 279 3428 tam
303 3362 417 3446 cupide
440 3362 635 3447 laborasset,
657 3365 694 3427 ut
721 3366 850 3446 praeter
873 3365 998 3427 ceteros
1019 3361 1131 3427 Iustus
1160 3364 1387 3446 appellaretur.

215 3450 445 3517 Verumtamen
459 3450 569 3516 decem
588 3472 747 3515 annorum
765 3451 946 3536 legitimam
964 3472 1102 3533 poenam
1122 3472 1189 3516 non
1207 3449 1384 3538 pertulit³).

175 3553 191 3605 5
210 3539 297 3606 Nam
320 3543 494 3624 postquam
513 3538 636 3604 Xerxes
654 3540 689 3604 in
709 3538 878 3605 Graeciam
897 3539 1071 3625 descendit,
1094 3542 1186 3604 sexto
1210 3540 1278 3605 fere
1299 3562 1385 3606 anno

211 3650 308 3713 quam
331 3632 401 3693 erat
425 3628 586 3712 expulsus,
609 3628 723 3713 populi
747 3629 829 3694 scito
853 3629 888 3693 in
910 3629 1052 3713 patriam
1076 3629 1247 3693 restitutus
1270 3633 1329 3694 est.

177 3733 191 3780 r
300 3714 343 3780 ΙΙ.
370 3715 505 3802 Pugnae
529 3722 637 3782 autem
655 3717 766 3783 navali
790 3717 875 3801 apud
894 3716 1060 3782 Salamina
1077 3716 1227 3782 interfuit
1246 3721 1288 3799 [a.
1302 3718 1384 3798 480]

211 3804 302 3889 prius
326 3826 424 3888 quam
446 3826 552 3890 poena
574 3802 811 3888 liberaretur4).
851 3805 943 3870 Idem
966 3809 1100 3889 praetor
1120 3805 1185 3870 fuit
1207 3805 1385 3871 Athenien·

250 3977 283 4047 ¹⁸)
302 3976 340 4031 Er
359 3977 437 4032 starb
453 3995 502 4032 um
521 3983 582 4033 470.
824 3978 878 4034 wie
900 3978 974 4033 auch
998 3977 1039 4033 im
1062 3978 1262 4035 Griechischen
1288 3980 1388 4049 ψῆφος

248 4049 270 4131 ¹)
296 4048 353 4103 Der
380 4052 480 4131 Aqous.
504 4048 595 4118 hltngt
618 4048 699 4104 nicht
727 4050 771 4130 als
823 4050 870 4105 fur
888 4045 1096 4119 διαψηφισμός.

212 4119 275 4189 ObJ.
285 4136 341 4175 von
355 4120 525 4175 audrenmus
536 4119 582 4187 ab,
597 4120 716 4175 sondern
730 4137 771 4174 s1c
862 4120 883 4191 ¹)
902 4121 959 4189 „Er
976 4122 1110 4176 brauohte
1128 4120 1208 4176 nicht
1225 4137 1260 4174 ru
1274 4164 1281 4177 .
1293 4164 1299 4176 .
1310 4123 1342 4178 .¹‘

211 4189 387 4261 appellatum
410 4205 472 4245 esse
498 4188 539 4244 ist
561 4191 645 4246 dabei
671 4209 705 4245 nn
729 4208 770 4246 er·
861 4191 884 4260 ⁴)
903 4193 942 4273 Er
959 4192 1026 4247 liam
1045 4192 1097 4246 auf
1111 4193 1194 4276 aigne
1209 4191 1293 4246 Hand
1310 4193 1386 4255 nach

210 4267 381 4402 gaqzesqviel
392 4332 435 4387 als
444 4332 613 4388 testularum
623 4330 771 4403 suffragiis,
825 4261 963 4402 {Mididi
973 4263 1072 4389 ἓξὲξ
1083 4265 1226 4390 qqqqqqqr
1233 4261 1385 4403 Mhrhdrbi-
