3028 4908
563 189 638 248 XIV.
669 187 850 244 DATAMES.
875 195 898 243 1.
1267 189 1311 253 43

137 372 218 416 avus
242 373 352 416 muros
377 373 449 417 cum
473 353 615 418 maxima
638 353 744 437 gloria
762 374 800 416 ex
818 352 957 436 pecunia
976 374 995 416 a
1013 350 1122 417 Persis
1145 348 1309 438 accepta⁷)

135 440 263 523 patriae
290 441 492 521 restituerat,
521 442 649 507 eosdem
677 463 778 526 nepos
807 463 880 506 cum
909 463 1036 505 summa
1063 440 1243 525 ignominia
1271 462 1310 505 ex

135 549 197 593 sua
218 550 254 592 re
276 527 430 594 familiari
451 531 582 596 reficere
605 533 736 596 coactus
759 533 817 595 est.
863 530 969 606 Quam
992 532 1101 594 antem
1118 529 1309 594 Timotheus
1328 547 1344 594 2

135 617 205 681 suis
233 638 328 682 carus
356 618 454 683 fuerit
461 668 470 703 ,
502 641 575 684 cum
607 620 710 683 multa
741 619 905 702 possimus
937 617 1082 703 proferre
1114 618 1311 701 testimonia,

135 727 203 771 uno
231 707 351 772 erimus
379 709 532 773 contenti.
578 706 660 773 (lum
682 706 822 773 Athenis
851 704 1143 793 adulescentulua⁸)
1169 707 1210 787 [a.
1229 706 1309 788 373]

136 815 268 859 causam
292 792 460 884 diceret9),
488 818 554 861 non
578 795 683 861 solum
706 796 826 879 privati
853 796 948 861 amici
977 799 1073 880 atque
1100 795 1245 879 hospites
1270 797 1311 860 ad

135 903 210 947 enm
225 883 462 950 defendendum
481 888 708 968 convenerunt,
727 884 897 949 sedetiam
916 885 950 949 in
967 885 1008 950 iis
1025 884 1132 962 Iason,
1151 887 1309 968 tyrannus

135 970 339 1055 Thessaliae,
368 974 423 1057 qni
449 974 508 1038 illo
535 977 681 1059 tempore
708 972 772 1038 fnit
799 974 945 1038 omnium
972 972 1231 1058 potentissimus.
1275 971 1344 1037 Is3

135 1081 210 1125 cnm
241 1062 277 1125 in
307 1061 417 1145 patria
450 1064 519 1127 sine
551 1061 748 1127 satellitibus
781 1084 815 1126 ae
846 1065 955 1127 tutum
986 1084 1052 1127 non
1085 1062 1310 1144 arbitraretur,

134 1147 285 1215 Athenas
309 1150 378 1215 sine
405 1151 475 1216 ullo
496 1150 659 1235 praesidio
683 1150 771 1215 venit
799 1151 948 1235 tantique
971 1150 1133 1233 hospitem
1156 1151 1248 1234 fecit,
1272 1155 1309 1213 ut

134 1239 250 1302 mallet
281 1260 315 1304 se
348 1239 465 1323 capitis
497 1239 674 1324 periculum
708 1239 797 1303 adire
825 1261 923 1323 quam
950 1237 1124 1303 Timotheo
1153 1238 1192 1303 de
1218 1239 1309 1304 fama

134 1327 303 1393 dimicanti
327 1328 446 1393 deesse.
488 1327 550 1394 Sed
572 1333 686 1393 tamen
710 1327 862 1392 adversus
885 1349 958 1392 eum
978 1327 1170 1392 Timotheus
1192 1332 1308 1412 postea

133 1417 249 1500 populi
280 1416 370 1481 iussu
401 1417 524 1482 bellum
553 1412 720 1502 gessit¹⁰):
750 1417 877 1501 patriae
909 1415 1077 1482 sanctiora
1108 1417 1179 1480 iura
1209 1438 1308 1500 qnam

132 1503 269 1589 hospitii
292 1526 363 1570 esse
387 1505 487 1570 duxit.

223 1594 313 1658 Haec
336 1598 481 1659 extrema
499 1594 562 1657 fuit
579 1597 671 1658 aetas
690 1593 923 1679 imperatorum
937 1593 1200 1676 Atheniensium,
1218 1593 1306 1677 Iphi·
1325 1607 1343 1655 4

134 1684 244 1767 oratis,
258 1679 427 1767 Chabriae,
440 1682 619 1747 Timotheiz
643 1703 746 1766 neque
760 1683 978 1767 postillarum
994 1683 1119 1748 obitum
1136 1687 1306 1767 quisquam

132 1770 198 1835 dux
221 1772 258 1835 in
284 1771 343 1837 illa
367 1772 446 1838 urbe
472 1770 537 1836 fuit
560 1771 677 1856 dignus
700 1772 857 1836 memoria
879 1775 1008 1855 praeter
1030 1770 1242 1855 Phocionem,
1268 1772 1306 1836 de

132 1882 195 1944 qno
219 1859 306 1925 infra
327 1881 432 1944 pauca
454 1859 669 1925 narrabimus.

531 2213 630 2289 XIV.
668 2216 905 2294 DATAMES.

218 2354 245 2418 Ι.
277 2353 381 2420 Venio
404 2376 490 2419 nnnc
518 2355 558 2418 ad
582 2355 797 2420 fortissimum
821 2356 928 2420 virum
956 2356 1153 2441 maximique
1177 2357 1340 2421 consiliii

130 2443 279 2508 omnium
319 2443 532 2508 barbarorum
542 2442 568 2528 1)
575 2493 584 2527 ,
625 2445 766 2528 exceptis
808 2443 932 2509 duobus
970 2443 1305 2529 Carthaginiensibus,

129 2531 317 2597 Hamilcare
340 2535 373 2596 et
394 2530 589 2598 Hannibale.
635 2532 684 2598 De
707 2555 771 2618 quo
798 2532 862 2597 hoc
884 2534 979 2616 plura
999 2533 1192 2618 referemus,
1219 2534 1340 2618 quoda

131 2625 165 2685 et
183 2621 373 2686 obscuriora
391 2625 469 2685 sunt
491 2622 560 2686 eius
579 2625 672 2707 gesta
689 2622 851 2705 pleraque,
874 2624 907 2685 et
930 2643 978 2705 ea,
1002 2642 1083 2706 quae
1102 2642 1256 2707 prospere
1276 2624 1305 2686 ei

129 2715 307 2790 cesserunt,
319 2731 389 2774 non
407 2710 582 2794 copiarum,
597 2710 653 2774 sed
668 2710 805 2794 consilii,
820 2731 883 2795 quo
898 2713 969 2774 tum
990 2732 1102 2776 omnes
1122 2711 1305 2796 superabat,

129 2797 358 2884 magnitudine
387 2799 584 2864 acciderunt:
612 2821 749 2883 quorum
776 2798 841 2862 nisi
862 2794 982 2885 ratiol)
1011 2799 1171 2885 explicata
1198 2799 1305 2883 fuerit,

127 2908 182 2951 res
205 2887 296 2971 ipsae
319 2908 475 2971 apparere
497 2909 564 2952 non
587 2892 749 2971 poterunt.

219 2975 391 3056 Datames,
413 2978 506 3060 patre
530 2975 708 3059 Camisare,
734 2976 865 3041 natione
889 2973 986 3060 Care,
1009 2979 1113 3041 matre
1137 2975 1338 3062 Scythissaa

127 3069 240 3146 natus,
270 3064 410 3148 primum
438 3064 473 3129 in
495 3087 629 3130 numero
657 3065 722 3129 fuit
749 3065 835 3148 apud
858 3065 1070 3130 Artaxerxem
1095 3087 1221 3149 eorum,
1249 3066 1305 3150 qui

165 3290 291 3359 ⁷)Siehe
311 3290 377 3346 Con.
396 3290 444 3359 IV,
463 3296 488 3348 ὅ.
742 3292 857 3363 Mangel
889 3310 925 3347 an
952 3292 1024 3348 Geld
1057 3292 1103 3348 die
1134 3291 1305 3362 Expeditior

165 3398 187 3467 8)
206 3394 246 3450 Er
259 3414 317 3452 aar
331 3400 405 3452 etna
418 3402 452 3452 40
465 3397 550 3452 Jahre
565 3398 614 3453 alt.
637 3396 689 3454 Die
738 3363 1211 3504 ffiffifaffifflgggssssulg}‚wffie
1238 3381 1304 3489 ἓξὲξ

125 3467 327 3594 ἓιῖῑθῗωῃῗ
341 3468 415 3524 ml·
434 3470 473 3523 ”A
495 3468 593 3524 dmm
610 3469 690 3524 Μὴ
742 3506 840 3575 Epam.
850 3505 897 3574 Vl,
914 3512 928 3560 1
947 3506 1111 3561 erathnten
1126 3503 1302 3560 Callistratus

168 3555 198 3594 ⁸⁰
221 3582 227 3594 “
741 3577 801 3630 und
823 3578 887 3631 dem
912 3576 971 3630 ihm
1000 3575 1125 3631 nuchhar
1146 3577 1302 3631 verschat·

165 3645 187 3714 ⁹)
206 3643 264 3699 Der
277 3651 330 3700 374
344 3645 688 3715 abgeachlosseneTriede
742 3650 841 3717 garten
859 3650 930 3729 (cap.
950 3646 1002 3713 ΠΙ,
1022 3649 1050 3716 2)
1073 3644 1230 3715 Iphicrates
1248 3662 1303 3702 we-

142 3731 203 3784 cap.
220 3714 246 3785 I,
265 3719 293 3787 3)
320 3716 400 3772 hatte
428 3717 530 3772 keinen
556 3718 688 3786 Bestand,
742 3735 798 3789 gen
819 3717 1096 3772 Pfflchtversaumnis
1121 3718 1179 3772 und
1202 3718 1302 3773 Unter-

148 3801 167 3839 a
184 3786 231 3841 bei
251 3786 307 3840 den
324 3787 554 3858 Parteikampfen
575 3786 605 3841 in
624 3786 688 3843 Cot·
743 3790 899 3858 schlagung
926 3787 1103 3844 offentlicher
1125 3788 1228 3845 Gelder
1253 3805 1301 3844 an·

127 3873 196 3925 cyra
214 3857 260 3912 die
277 3857 408 3928 dortigen
425 3858 622 3914 Aristokraten
643 3859 689 3914 die
743 3859 866 3929 gehlagt.

126 3927 348 3984 Lmedflmfflliel
370 3946 418 3983 um
439 3929 573 3985 Belfllffld
594 3930 688 3986 balen-
780 3948 814 4018 ¹⁰)
832 3949 888 4003 Das
902 3946 1015 4003 Nahere
1027 3948 1159 4004 hierdber
1172 3949 1211 4005 ist
1223 3950 1302 4004 nicht

125 3998 204 4123 livess
218 4016 280 4123 pun
293 3999 457 4071 Mnasippns
476 4000 521 4055 die
539 3998 689 4069 Corcyraer
742 4019 874 4074 bekannt,

126 4072 193 4196 A?
213 4070 607 4212 stebbehuthe}
632 4089 688 4198 u
780 4125 801 4196 1>
827 4125 922 4196 Nepos
949 4125 1038 4209 eun
1064 4126 1222 4196 uberhaupt
1248 4146 1301 4182 nur

126 4212 280 4267 schlossen.
310 4212 475 4268 Timotheus
489 4214 571 4268 sollte
585 4212 690 4268 wieder
742 4214 778 4251 Μ
805 4197 900 4263 dum,
932 4198 1012 4278 ΨΜ
1038 4198 1110 4280 auch
1138 4213 1175 4251 ²¹1
1205 4216 1300 4280 ζθὲθθὶ

125 4299 174 4336 um
189 4283 234 4338 die
248 4281 422 4354 Peloponnes
440 4284 537 4355 eggeh]
550 4283 608 4337 und
622 4282 688 4339 001.
742 4270 821 4322 flonflb
838 4272 913 4322 ware
932 4285 991 4324 Heln
1005 4267 1096 4323 Urlffll
1112 4269 1299 4326 llbertrleben.

126 4369 194 4421 cyra
212 4356 364 4423 eutsetzen,
382 4355 488 4411 honnte
506 4357 574 4411 aber
590 4370 688 4425 wagan
779 4355 800 4426 ²)
818 4356 1104 4427 „Zusammenhang“.
