3028 4908
202 227 244 293 76
595 230 669 286 xxl.
695 225 893 284 HAMILcaa.
918 233 941 281 1.
960 232 986 281 a.

202 413 386 475 supremum
406 391 536 474 obisset,
550 390 680 475 publice
699 388 945 474 aSyracusanis
963 389 997 453 in
1010 342 1083 454 foro
1100 391 1171 453 tota
1191 388 1378 454 celebrante

202 477 313 556 Sicilia
332 480 478 563 sepultus
498 483 548 543 est
566 479 837 564 gymnasiumque
852 478 899 542 ibi
917 480 1033 562 postea
1047 476 1272 562 constitutum,
1291 478 1378 561 quod

201 567 460 634 Timoleonteum
484 568 677 652 appellatur.
765 590 768 595 ·

679 762 891 771 ——-.——

590 905 684 977 XXI.
721 902 982 978 HAMILCAR.

167 1063 181 1111 1
224 1050 228 1057 '
289 1043 315 1109 I.
346 1041 527 1125 Hamilcar,
557 1041 751 1108 Hannibalis
785 1041 886 1125 filius,
914 1041 1106 1127 cognomine
1134 1041 1270 1126 Barcas,
1299 1041 1379 1108 Car-

201 1132 433 1217 thaginiensis,
459 1132 564 1214 primo
593 1131 680 1196 bello
708 1130 864 1213 Poenico,
891 1130 948 1195 sed
980 1131 1181 1213 temporibus
1213 1133 1379 1215 extremis,

202 1221 373 1285 admodum
407 1219 666 1285 adulescentulus
699 1219 735 1284 in
766 1218 877 1285 Sicilia
906 1239 1056 1302 praeesse
1088 1220 1196 1302 coepit
1229 1221 1271 1299 [a.
1295 1221 1377 1303 247]

167 1309 368 1374 uexercitui.
413 1307 464 1373 Ibi
492 1330 565 1373 cum
594 1314 669 1372 ante
698 1308 768 1372 eius
795 1306 969 1372 adventum
996 1307 1082 1370 male
1111 1328 1163 1371 res
1186 1311 1379 1391 gererentur

203 1393 570 1480 Carthaginiensium),
604 1398 688 1480 ipse,
719 1396 775 1460 ubi
809 1394 926 1478 adfuit,
957 1416 1134 1478 numquam
1161 1395 1251 1459 hosti
1279 1399 1380 1462 cessit

203 1508 306 1569 neque
324 1486 430 1550 locum
449 1484 586 1549 nocendi
604 1484 701 1566 dedit,
719 1505 878 1567 saepeque
897 1483 1066 1548 occasione
1084 1483 1162 1547 data
1178 1483 1378 1569 lacessivitl)

168 1591 184 1640 3
204 1578 300 1658 atque
325 1574 471 1657 superior
490 1573 648 1638 discessit.
683 1571 821 1636 Interim
840 1570 1126 1655 Carthaginienses
1146 1572 1232 1654 apud
1250 1573 1377 1638 insulas

202 1663 345 1746 Aegates
369 1684 388 1725 a
411 1660 447 1726 C.
470 1659 618 1743 Lutatio,
645 1657 809 1746 consule⁸)
837 1660 1075 1742 Romanorum,
1105 1661 1207 1724 classe
1232 1661 1274 1741 [a.
1295 1662 1376 1744 241]
1491 1692 1492 1709 ¹

203 1750 361 1852 superati,
389 1753 575 1849 statuerunt
603 1749 680 1850 belli
707 1749 825 1850 facere,
844 1749 941 1812 finem
970 1770 1104 1831 eamque
1137 1768 1205 1849 rem
1240 1748 1378 1850 arbitrio

167 1835 1009 2009 ⁴{aaut{attur{tattttttt
1024 1835 1378 2011 bttlttttb

202 2013 281 2077 belli
307 2012 390 2076 ferre
416 2034 483 2077 non
513 2033 609 2097 posse
641 2012 867 2098 intellegebat,
896 2013 970 2097 paci
1002 2012 1207 2077 serviundum
1239 2017 1378 2098 putavit,

203 2100 259 2164 aed
282 2101 339 2183 ita,
361 2100 529 2165 utstatim
553 2106 663 2165 mente
686 2102 838 2186 agitaret,
861 2101 890 2165 si
912 2100 1048 2185 paulum
1071 2100 1168 2165 modo
1192 2123 1243 2165 res
1268 2111 1380 2169 essent
1496 2160 1497 2167 ,

202 2188 356 2271 refectae,
384 2189 506 2253 bellum
528 2210 685 2254 renovare
707 2189 939 2273 Romanosque
963 2190 1061 2253 armis
1084 2190 1248 2273 persequi,
1276 2190 1380 2257 donec

167 2297 183 2345 s
204 2282 261 2342 aut
278 2278 394 2342 ultimo
413 2276 589 2342 certamine
608 2278 760 2342 vicissent
783 2282 839 2342 aut
859 2278 935 2343 victi
959 2299 1074 2343 manus
1094 2277 1266 2343 dedissent.
1304 2279 1378 2346 Hoc

203 2366 338 2431 consilio
371 2388 484 2450 pacem
517 2366 721 2449 conciliavit,
752 2367 788 2430 in
820 2386 883 2449 quo
915 2367 1011 2430 tanta
1043 2364 1107 2429 fuit
1138 2365 1272 2444 ferocia,
1305 2390 1379 2434 cum

203 2452 339 2520 Catulus
366 2457 503 2538 negaret
526 2476 560 2518 se
583 2454 704 2519 bellum
733 2455 1003 2536 compositurum,
1029 2454 1094 2516 nisi
1122 2453 1179 2518 ille
1202 2475 1275 2518 cum
1299 2457 1379 2542 suis,

203 2544 302 2608 armis
326 2543 458 2627 relictis,
481 2541 592 2608 Sicilia
610 2539 845 2626 decederent4),
867 2545 905 2606 ut
924 2541 1152 2606 succumbente
1175 2543 1283 2626 patria
1306 2546 1378 2629 ipse
1421 2592 1426 2603 .

202 2634 382 2714 periturum
405 2654 440 2696 se
463 2631 572 2714 potius
596 2631 729 2712 diceret,
759 2652 855 2714 quam
879 2652 952 2695 cum
974 2632 1068 2694 tanto
1092 2629 1220 2713 flagitio
1244 2631 1378 2698 domum

202 2719 336 2784 rediret:
368 2741 433 2783 non
462 2719 548 2783 enim
579 2740 655 2783 suae
688 2740 758 2783 esse
787 2718 919 2783 virtutis
947 2738 1037 2782 arma
1066 2720 1215 2802 apatria
1244 2725 1380 2804 accepta

205 2806 396 2872 adversariis
419 2807 555 2871 tradere.
601 2805 661 2871 Cui
683 2807 882 2892 pertinaciae
906 2803 1042 2870 Catulus
1065 2805 1170 2870 cessit.

170 2912 184 2960 1
291 2893 334 2958 Π.
372 2894 418 2958 At
439 2894 511 2975 ille,
539 2899 577 2959 ut
599 2893 832 2978 Carthaginem
862 2896 965 2977 venit,
993 2893 1096 2957 multo
1120 2894 1252 2977 gravius
1280 2901 1380 2982 atque

205 2987 300 3046 antea
327 3003 396 3046 rem
424 2980 588 3065 publicam
620 2980 826 3047 laborantem
858 2982 1020 3065 cognovit.
1066 2979 1214 3066 Namque
1243 2990 1380 3069 propter

205 3069 451 3134 diuturnitatem
475 3070 600 3134 externi
623 3070 701 3135 mali
724 3073 853 3134 tantum
876 3069 999 3134 exarsit
1021 3070 1212 3135 intestinum
1236 3073 1278 3152 [a.
1296 3074 1378 3157 241]

81 3230 89 3239 ,
205 3159 335 3242 bellum,
358 3162 394 3222 ut
412 3179 588 3241 numquam
609 3160 681 3242 pari
699 3155 875 3243 periculoi)
899 3157 997 3222 fuerit
1016 3155 1193 3243 Carthago,
1215 3161 1281 3225 nisi
1304 3184 1379 3227 cum

167 3246 309 3314 adeleta
332 3249 390 3310 est.
436 3245 651 3310 Descirerunt
678 3248 893 3311 mercennarii
916 3246 1051 3330 milites,
1080 3247 1198 3331 quibus
1222 3248 1378 3316 adversus

240 3456 261 3525 ¹)
279 3456 350 3511 Eine
368 3454 417 3511 bei
429 3454 525 3524 Nepos
544 3454 656 3525 htufige
669 3453 764 3509 Wort·
818 3473 862 3510 wo
890 3473 920 3511 er
952 3473 1003 3510 aus
1035 3453 1127 3510 einum
1158 3455 1380 3515 verschiedenen

201 3526 332 3597 stellung,
352 3526 412 3582 dass
434 3526 483 3580 das
498 3524 622 3579 Verbum
641 3524 687 3579 die
701 3541 763 3580 vor·
817 3524 909 3581 Kasua
941 3529 1121 3581 entnommen
1151 3527 1264 3582 werden
1296 3529 1379 3598 musa,

200 3598 287 3654 letata
316 3597 403 3653 Stella
435 3600 474 3651 im
506 3597 588 3651 Satze
617 3595 764 3651 einnimrut
817 3597 856 3650 ist
874 3599 936 3652 eine
954 3594 1107 3666 Eigenheit
1124 3595 1174 3650 des
1193 3597 1297 3667 Nepos.

200 3669 258 3723 und
285 3668 332 3723 ein
357 3667 471 3723 Cenitiv
492 3667 553 3721 ihm
574 3667 764 3737 nachgeatellt
853 3667 876 3736 ⁸)
895 3667 1011 3722 Catulus
1034 3682 1091 3720 war
1114 3666 1221 3722 Konsul
1244 3675 1310 3735 242,
1337 3688 1380 3725 er·

200 3740 246 3794 ist
282 3740 358 3793 Aber
376 3737 532 3794 autlallend
559 3737 598 3791 ist
615 3738 667 3794 das
684 3736 764 3792 nicht
816 3737 977 3793 fochtaber
990 3735 1166 3807 dieaenSieg
1179 3738 1291 3793 cratim
1301 3741 1381 3796 Mara

202 3826 238 3862 an
257 3809 365 3863 Stellen
383 3810 437 3865 wie
449 3810 530 3864 Eum.
541 3807 615 3876 VllI,
631 3814 654 3864 1.
673 3808 722 3876 IX,
736 3814 761 3862 6.
816 3812 878 3876 241,
897 3810 949 3863 ehe
967 3808 1028 3862 sein
1045 3806 1218 3878 Nachfolger
1236 3809 1276 3864 im
1293 3810 1379 3867 Amtc

200 3878 252 3946 XI,
272 3884 302 3944 2,
329 3880 448 3934 sondern
475 3897 528 3933 nur
553 3877 601 3946 da,
628 3896 673 3934 wo
698 3877 762 3933 dem
816 3879 926 3933 ankarn.
960 3878 1017 3933 Das
1031 3877 1248 3949 Konsulatajahr
1265 3881 1381 3951 began'u

199 3949 325 4004 Verbum
349 3947 395 4003 ein
418 3948 538 4005 Genetiv
565 3949 637 4003 ohne
663 3950 762 4004 beson-
815 3947 924 4002 damals
948 3951 1007 4002 erat
1023 3948 1063 4001 im
1080 3949 1171 4017 Mara,
1196 3950 1271 4004 noch
1289 3953 1379 4021 nicht,

201 4021 266 4075 dere
286 4021 434 4089 Betonnng
451 4019 534 4088 folgt,
553 4019 606 4073 wie
624 4018 686 4073 bier
703 4021 761 4073 und
816 4017 868 4073 wie
887 4036 900 4072 s
920 4022 997 4085 tter,
1016 4034 1063 4072 am
1083 4025 1106 4075 1.
1124 4019 1239 4075 Januar.

200 4091 280 4145 Eum.
299 4088 373 4157 VIII,
392 4096 417 4145 6.
852 4088 874 4159 ⁴)
911 4089 1013 4143 rhatte
1023 4087 1067 4141 bis
1077 4089 1182 4145 auletat
1190 4090 1245 4145 mit
1253 4092 1379 4162 grolsem

239 4160 260 4228 ²)
274 4161 327 4217 Die
337 4160 529 4230 Weglassung
542 4157 619 4214 eines
633 4175 689 4214 cas.
704 4158 759 4215 obl.
817 4157 912 4213 Ruhm
925 4156 971 4212 die
985 4158 1057 4213 leste
1068 4157 1151 4214 Stadt
1163 4161 1216 4215 auf
1227 4163 1292 4216 dem
1302 4161 1381 4233 Eryx

200 4232 249 4285 des
271 4232 447 4287 unbetonten
463 4230 636 4284 Pronomens
657 4227 695 4296 ia,
717 4245 761 4283 wo
816 4230 976 4298 verteidigt
1000 4229 1162 4285 DerPlural
1174 4231 1309 4302 subrigens
1324 4234 1380 4290 wie

200 4301 260 4356 airh
273 4301 401 4357 daraelbe
420 4318 470 4356 aus
485 4299 541 4355 den
556 4299 761 4368 vorhergehen-
815 4299 900 4355 Phoc.
914 4299 950 4367 H,
968 4306 995 4355 2.

201 4371 257 4427 den
274 4373 392 4428 Worten
411 4376 549 4442 ergtnzen
566 4369 647 4439 laser,
674 4369 762 4425 solbat
852 4371 874 4439 ⁶)
892 4371 973 4427 Anm.
993 4388 1027 4424 au
1044 4368 1109 4425 Dat.
1129 4369 1162 4438 V,
1182 4378 1207 4426 3.
