3028 4908
593 218 765 277 'armeus
790 225 815 275 a.
836 225 877 276 ro.
1281 218 1323 283 89

157 385 377 451 consensionis
414 384 532 469 globus
567 383 663 448 huius
699 382 795 448 unius
836 381 1036 447 dissensione
1078 381 1229 447 disiectus
1267 386 1325 447 est.

156 473 271 559 Neque
289 475 393 539 multo
412 477 487 558 post
506 471 654 555 superior
677 479 747 536 esse
766 473 874 556 eoepit
891 469 1066 553 Antonius,
1083 471 1132 535 ita
1149 474 1186 534 ut
1203 470 1326 535 Brutus
1344 487 1361 535 o

156 567 190 627 et
211 561 344 629 Cassius
374 563 496 627 omissa
521 582 599 626 cura
625 556 926 645 provinciaruml‘),
954 580 1035 642 quae
1058 559 1100 623 iis
1123 559 1204 623 dicis
1227 581 1326 624 causa

156 653 251 717 datae
283 655 376 715 erant
403 673 422 715 a
450 649 596 734 consule,
611 649 801 733 desperatis
829 650 926 713 rebus
949 649 984 712 in
1007 645 1206 733 exsilium²⁵)
1229 649 1326 732 profi-

156 741 360 806 ciscerentur.
407 738 552 822 Atticus,
579 738 634 821 qui
656 738 785 803 florenti
807 738 910 802 Bruto
938 736 1110 821 pecuniam
1134 738 1231 802 simul
1253 755 1361 803 cumo

156 830 273 895 ceteris
296 828 441 894 conferre
463 828 626 905 noluerat,
654 828 780 892 abiecto
803 825 962 909 Italiaque
985 826 1112 890 cedenti
1138 825 1324 895 sestertium

155 922 285 985 centum
315 918 406 981 milia
429 918 554 980 muneri
580 915 678 980 misit.
724 914 841 980 Eidem
862 915 898 979 in
920 911 1082 999 Epiro²⁶)‚
1106 916 1176 999 ipse
1199 916 1326 997 absens,

154 1012 302 1072 trecenta
328 1006 424 1070 iussit
452 1004 530 1068 dari.
574 1002 687 1089 Neque
709 1026 787 1070 vero
815 1003 922 1087 magis
946 1004 1090 1069 Antonio
1122 1007 1179 1068 aut
1200 1006 1326 1087 potenti

154 1100 224 1159 tum
247 1094 400 1160 adulatus
424 1095 475 1157 est
498 1098 556 1157 aut
578 1093 786 1176 desperatum
808 1096 886 1177 post
906 1092 1045 1176 reliquit

243 1182 298 1247 IX
324 1181 477 1247 &cutum
495 1186 546 1246 est
562 1182 686 1246 bellum
705 1185 836 1265 gestum
855 1179 941 1265 apud
954 1179 1125 1245 Mutinam.
1152 1179 1193 1244 In
1213 1183 1252 1262 [a.
1267 1183 1325 1263 43]
1347 1197 1361 1244 1

154 1293 217 1355 quo
241 1273 422 1336 sitantum
451 1292 524 1334 eum
552 1270 742 1355 prudentem
766 1270 884 1351 dicam,
914 1269 1034 1351 minus,
1061 1291 1160 1352 quam
1184 1269 1326 1356 debeam,

153 1361 348 1445 praedicem,
362 1381 434 1425 oum
452 1359 508 1423 ille
522 1360 633 1444 potius
647 1359 778 1424 divinus
796 1358 905 1443 fuerit,
919 1358 948 1423 si
962 1358 1119 1423 divinatio
1135 1359 1326 1442 appellanda

154 1454 204 1513 est
230 1454 387 1534 perpetua
419 1448 581 1512 naturalis
608 1448 752 1531 bonitas,
778 1469 861 1533 quae
889 1446 989 1511 nullis
1016 1446 1145 1512 casibus
1174 1447 1325 1531 agitatur.

155 1536 270 1602 Hostis
302 1537 466 1603 Antonius
503 1537 662 1602 iudicatus
699 1536 795 1601 Italia
832 1538 989 1600 cesserat:
1026 1557 1100 1619 spes
1136 1536 1360 1601 restituendis

89 1696 93 1708 ,
153 1627 244 1691 nulla
272 1632 352 1691 erat.
396 1625 472 1691 Non
499 1625 603 1689 solum
630 1625 771 1709 inimici,
804 1625 858 1708 qui
884 1629 954 1688 tum
982 1629 1076 1688 erant
1107 1625 1325 1708 potentissimi

152 1720 188 1780 et
215 1715 361 1800 plurimi,
389 1714 446 1779 aed
474 1715 573 1778 etiam
602 1714 659 1798 qui
685 1714 752 1778 illis
780 1735 814 1777 se
842 1712 964 1777 dabant
992 1717 1024 1777 et
1045 1712 1080 1776 in
1107 1733 1146 1777 eo
1169 1712 1325 1780 laedendo

156 1804 298 1887 aliquam
321 1825 356 1867 se
379 1807 611 1869 consecuturos
635 1803 811 1886 sperabant
839 1801 1166 1882 commendationem,
1190 1803 1326 1868 Antonii

155 1893 332 1956 familiares
373 1891 646 1976 insequebantur,
682 1912 817 1957 uxorem
852 1888 1002 1954 Fulviam
1039 1892 1190 1955 omnibus
1227 1892 1325 1957 rebus

36 1996 40 2003 '
155 1982 296 2065 spoliare
315 1980 498 2063 cupiebant,
516 1980 637 2044 liberos
646 1980 756 2044 'etiam
774 1980 979 2064 exstinguere
993 1980 1163 2063 parabant.
1189 1980 1325 2063 Atticus,
1344 1993 1361 2042 3

155 2091 229 2134 cum
252 2066 416 2134 Ciceronis
440 2069 557 2132 intima
578 2069 803 2133 familiaritate
826 2071 980 2146 uteretur,
1001 2069 1215 2133 amicissimus
1241 2074 1327 2134 esset

152 2157 272 2237 Bruto,
300 2179 366 2221 non
393 2156 489 2222 modo
516 2156 599 2221 nihil
626 2157 666 2221 iis
694 2156 829 2221 indulsit
856 2157 897 2221 ad
920 2155 1100 2221 Antonium
1129 2158 1326 2243 violandum,

155 2247 211 2311 sed
247 2246 425 2311 familiares
462 2247 532 2310 eius
564 2268 604 2310 ex
634 2246 713 2310 urbe
749 2245 990 2330 profugientes,
1021 2249 1176 2329 quantum
1209 2249 1334 2331 potuit,

154 2336 245 2419 texit,
268 2335 387 2419 quibus
409 2335 505 2400 rebus
528 2333 745 2420 indiguerunt,
769 2334 900 2399 adiuuit.
945 2332 980 2401 P.
1004 2356 1079 2398 vero
1102 2333 1362 2421 Volumnio²³)4

154 2447 193 2490 ea
214 2425 347 2508 tribuit,
373 2429 411 2488 ut
438 2425 532 2508 plura
555 2446 575 2487 a
597 2427 732 2506 parente
761 2423 922 2507 proficisci
950 2444 1016 2487 non
1039 2424 1214 2506 potuerint.
1258 2423 1327 2508 Ipsi

154 2519 264 2578 autem
287 2511 437 2595 Fuluiae,
465 2534 538 2576 cum
561 2512 673 2577 litibus
697 2511 906 2576 distineretur
932 2514 1124 2596 magnisque
1147 2513 1326 2578 terroribus

154 2604 338 2681 vexaretur,
360 2605 455 2666 tanta
473 2601 645 2684 diligentia
665 2600 808 2665 officium
832 2621 925 2664 suum
945 2600 1118 2685 praestitit,
1140 2603 1178 2665 ut
1201 2603 1325 2667 nullum

153 2690 214 2756 illa
241 2690 362 2755 stiterit
389 2690 608 2754 vadimonium
638 2690 709 2754 sine
736 2689 856 2755 Attico.
902 2689 988 2765 Quin
1020 2689 1132 2773 etiam,
1164 2711 1237 2754 cum
1268 2691 1360 2755 illas

153 2779 291 2844 fundum
311 2777 451 2842 secunda
469 2777 601 2842 fortuna
620 2778 752 2842 emisset
771 2778 806 2841 in
824 2774 953 2862 diem²⁸)
976 2799 1081 2862 neque
1099 2783 1175 2862 post
1193 2779 1324 2844 calami·

153 2872 256 2932 tatem
274 2888 442 2932 versuram
459 2866 566 2931 facere
580 2866 749 2950 potuisset,
762 2866 818 2931 ille
833 2887 868 2931 se
881 2867 1078 2949 interposuit
1090 2869 1325 2953 pecuniamque

154 2960 223 3021 sine
250 2956 382 3021 faenore
411 2956 543 3039 sineque
570 2956 639 3020 ulla
668 2955 879 3038 stipulatione
906 2955 935 3019 ei
963 2955 1115 3034 credidit,
1146 2958 1323 3022 maximum

153 3046 342 3112 existimans
362 3049 543 3129 quaestum,
565 3065 741 3109 memorem
764 3048 957 3129 gratumque
980 3045 1144 3131 cognosci,
1166 3046 1324 3130 simulque

156 3136 304 3218 aperiens
328 3154 362 3198 se
385 3156 451 3199 nou
472 3134 637 3218 fortunae,
665 3134 721 3197 sed
742 3132 928 3198 hominibus
951 3133 1056 3198 solere
1082 3155 1151 3199 esse
1175 3136 1323 3200 amicum.

155 3221 243 3298 Quae
266 3244 339 3287 cum
360 3222 517 3304 faciebat,
543 3244 639 3288 nemo
663 3243 736 3286 eum
758 3221 915 3305 temporis
943 3243 1040 3286 eausa
1066 3221 1172 3287 facere
1194 3227 1359 3307 potesate

153 3311 353 3376 existimare:
388 3312 510 3375 nemini
546 3312 633 3375 enim
669 3312 704 3374 in
741 3309 926 3394 opinionem
962 3311 1115 3375 veniebat
1143 3310 1323 3378 Antonium

153 3422 260 3464 rerum
293 3399 483 3484 potiturum.
539 3397 602 3464 Sed
635 3400 755 3464 sensim
788 3422 808 3463 a
834 3399 998 3463 nonnullis
1029 3399 1241 3482 optimatibus
1273 3413 1357 3465 ret

151 3488 423 3573 prehendebatur,
447 3488 532 3572 quod
549 3510 665 3573 parum
689 3487 794 3552 odisse
818 3489 922 3552 malos
946 3486 1033 3552 cives
1056 3487 1225 3553 videretur.
1262 3489 1323 3554 Ille

152 3582 275 3660 autem,
306 3581 344 3642 ut
371 3579 441 3641 erat
469 3577 520 3641 sui
546 3577 671 3660 iudicii,
703 3578 814 3660 potius
842 3576 920 3660 quid
948 3598 983 3641 se
1014 3576 1119 3641 facere
1148 3599 1207 3660 par
1239 3583 1325 3643 esset

152 3668 348 3751 intuebatur,
371 3687 469 3751 quam
492 3666 568 3750 quid
593 3664 649 3730 alii
671 3664 838 3730 laudaturi
860 3665 978 3729 forent.

240 3755 278 3820 X.
302 3754 467 3821 Conversa
486 3754 595 3819 subito
613 3753 755 3837 fortuna,
772 3760 810 3818 ut
828 3752 992 3818 Antonius
1011 3753 1107 3817 rediit
1129 3753 1163 3818 in
1180 3753 1322 3836 Italiam,
1343 3768 1356 3814 r

187 3891 224 3963 ¹⁴)
242 3892 288 3949 Sie
306 3893 405 3948 hatten
423 3894 478 3947 den
487 3891 607 3962 Austrag
620 3890 710 3947 erhal·
763 3891 858 3947 lichen
873 3891 1026 3947 Provinzen
1044 3892 1101 3946 und
1119 3894 1243 3948 mistaten
1262 3893 1322 3948 sich

150 3967 201 4019 ten
219 3965 278 4033 (um
296 3962 357 4017 ihre
374 3962 551 4034 Entfernnng
570 3981 619 4019 eus
637 3963 710 4017 Rom
764 3964 829 4017 dort
846 3981 910 4017 aum
928 3963 1039 4032 Kriege.
1096 3985 1099 3992 ·

151 4054 186 4090 ⁷⁴¹¹
203 4034 390 4104 negandas),
414 4034 460 4089 ἰὼ
478 4034 711 4091 G⁰l¹⁰id⁰z¹¹f¹²h¹
803 4068 837 4139 ¹⁶)
856 4068 1212 4125 DaselbstbesafsAtticus
1224 4068 1319 4124 (litter.

151 4124 184 4160 zu
203 4122 312 4187 sorgen,
330 4105 431 4160 Brutus
448 4105 478 4159 in
491 4106 585 4174 Arion,
600 4106 711 4162 Cassius
765 4141 829 4210 νει
847 4138 920 4208 XIV,
940 4147 965 4195 3·
1002 4140 1040 4195 Er
1066 4141 1122 4211 gab
1145 4140 1191 4194 die
1214 4141 1322 4196 mei·

150 4175 447 4316 ἰῃῃὲξοὲὲθῖωῆῐωῃ
473 4246 513 4300 ,ie
535 4248 566 4301 in
589 4244 711 4302 Edikten
765 4228 838 4282 sung
855 4229 903 4264 zur
922 4210 1050 4281 Zahluug
1067 4229 1122 4266 von
1140 4212 1212 4266 Rom
1231 4229 1314 4271 aus„

151 4318 198 4373 bei
229 4317 306 4372 ihrer
332 4317 457 4373 Abreise.
502 4317 535 4371 Iu
562 4317 712 4372 Wahrheit
801 4316 1139 4387 ¹⁷)vg1.X[1‚4.x‚a.

151 4390 219 4445 aber
233 4387 444 4458 bemtohtigten
458 4387 498 4443 sie
517 4387 577 4443 sich
591 4388 641 4442 der
654 4390 711 4443 ost-
801 4388 835 4456 ¹⁸)
855 4388 914 4442 Auf
932 4389 1091 4442 bestimmts
1109 4386 1321 4458 Zahluugsfrist.
