3028 4908
200 162 220 224 8
519 111 522 115 v
569 157 603 214 Π.
632 155 919 214 THEMISTOOLES.
943 162 1009 214 td.

203 322 354 388 facerent.
387 321 652 388 Deliberantibus
671 319 791 404 Pythia
808 320 984 404 respondit,
1006 323 1044 387 ut
1067 322 1234 388 moenibus
1256 322 1385 409 ligneis

166 429 181 477 7
205 433 239 476 se
253 411 426 476 munirent.
450 410 488 475 Id
507 431 697 494 responsum
712 430 775 493 quo
790 409 913 474 valeret
927 431 1000 474 cum
1017 410 1223 495 intellegeret
1236 411 1383 501 nemo‘l),

122 572 126 579 Δ
203 499 436 567 Themistocles
460 499 621 583 persuasit
642 498 675 562 id
697 497 868 562 eonsilium
888 520 957 563 esse
972 499 1144 581 Apollinis,
1167 504 1205 564 ut
1222 500 1258 564 in
1275 522 1384 568 naves

203 609 238 652 se
273 609 394 671 suaque
426 587 629 653 conferrentr
667 608 739 650 eum
773 586 857 651 enim
891 609 910 650 a
942 587 999 652 deo
1035 588 1212 672 significari
1248 611 1383 656 murum

167 677 359 762 sligneum.
399 675 470 741 Hoo
494 676 630 741 oonsilio
653 675 791 759 probato
815 677 948 740 navium
971 697 1141 741 numerum
1164 677 1382 744 ducentarum

204 765 365 848 complere
389 766 570 829 accelerant
590 784 710 846 suaque
729 763 848 847 omnia,
871 785 953 848 quae
972 765 1096 830 moveri
1118 768 1281 849 poterant,
1302 790 1381 852 par·

206 852 265 916 tim
285 850 461 935 Salamina,
484 853 604 936 partim
623 850 787 916 Troezena
810 852 997 936 deportant:
1021 875 1129 918 arcem
1155 855 1385 922 sacerdotibus

204 942 380 1026 paucisque
408 941 585 1006 maioribus
613 945 694 1005 natu
718 940 759 1004 ad
782 962 873 1005 sacra
899 941 1105 1025 procuranda
1134 943 1282 1027 tradunt,
1304 945 1383 1010 roli-

204 1052 302 1113 quum
327 1030 481 1119 oppidum
504 1024 735 1114 relinquunt4).

170 1136 182 1183 1
292 1116 357 1182 111..
396 1117 531 1182 Interim
555 1118 596 1183 ab
625 1118 665 1182 iis
689 1116 891 1204 civitatibus,
914 1117 1030 1202 quibus
1053 1117 1086 1182 in
1110 1121 1198 1184 terra
1223 1118 1383 1186 dimicare

203 1207 309 1292 magis
340 1207 505 1290 placebat,
538 1206 631 1271 missi
662 1210 738 1270 suut
771 1206 886 1271 delecti
922 1229 995 1272 oum
1027 1204 1185 1291 Leonida,
1217 1206 1380 1274 Lacedae-

203 1297 386 1361 moniorum
418 1316 510 1379 rege,
539 1296 594 1379 qui
621 1295 859 1379 Thermopylas
888 1299 1083 1378 occuparent
1109 1316 1213 1379 neque
1244 1297 1381 1379 lougius

202 1384 359 1449 barbaros
386 1383 539 1469 progredi
565 1386 763 1469 paterentur.
810 1383 871 1460 Qui
896 1384 1024 1467 quidem
1047 1383 1114 1448 vim
1141 1384 1288 1449 hostium
1319 1387 1380 1451 cir·

202 1473 367 1538 eumventi
384 1495 450 1538 non
474 1472 697 1537 sustinuerunt
716 1472 890 1555 eodemque
912 1473 984 1536 loco
1005 1493 1117 1536 omues
1136 1472 1379 1561 interierunt5).

165 1576 181 1624 a
201 1560 249 1625 At
272 1562 385 1626 elassis
409 1561 588 1626 communis
609 1560 763 1625 Graeciae
782 1563 999 1625 trecentarum
1017 1561 1159 1645 navium,
1182 1562 1217 1625 in
1236 1584 1301 1646 qua
1320 1562 1378 1628 du·

201 1647 346 1735 eentae⁶)
375 1653 468 1715 eraut
490 1648 755 1733 Atheniensium,
778 1649 919 1732 primum
942 1648 1027 1733 apud
1050 1649 1263 1714 Artemisium
1290 1651 1380 1716 intm

199 1737 368 1803 Euboeam
382 1738 663 1821 continentemque
682 1739 803 1802 terram
817 1759 890 1802 cum
905 1736 1081 1802 classiariis
1101 1738 1201 1822 regiis
1220 1739 1375 1807 conflixit.

200 1826 381 1912 Angustias
396 1826 484 1890 enim
493 1825 729 1890 Themistocles
744 1826 929 1912 quaerebat,
948 1846 988 1889 ue
1003 1826 1209 1891 multitudine
1229 1827 1375 1893 hostium

165 1930 181 1977 3
202 1914 399 1979 circuiretur.
434 1913 495 1998 Ibi,
518 1915 580 1979 etsi
602 1914 675 1998 pari
698 1914 803 1978 Marte
826 1914 1052 1998 discesserant,
1074 1917 1184 1979 tamen
1206 1936 1273 1979 non
1298 1919 1378 1980 sunt

201 2003 273 2067 ausi
296 2023 436 2085 manere,
459 2002 546 2088 quod
569 2007 640 2067 erat
662 2003 854 2086 periculum,
876 2025 932 2086 ne,
956 2003 985 2067 si
1008 2024 1084 2086 pars
1106 2003 1240 2067 navium
1264 2003 1378 2070 adver·

200 2092 360 2157 sariorum
391 2091 559 2157 Euboeam
593 2094 792 2175 superasset,
824 2091 958 2175 ancipiti
990 2097 1214 2175 premerentur
1241 2093 1378 2176 proelio.

164 2177 272 2254 4Quo
299 2180 423 2247 factum
451 2183 501 2244 est
527 2184 565 2244 ut
592 2181 633 2244 ab
660 2179 837 2244 Artemisio
867 2179 1068 2244 discederent
1100 2184 1133 2244 et
1166 2181 1377 2246 exadversum

201 2266 349 2334 Athenas
374 2268 461 2353 apud
484 2266 649 2333 Salamiua
672 2267 810 2333 classem
834 2290 926 2333 suam
950 2267 1193 2332 constituerent.

166 2374 180 2421 1
289 2357 347 2423 IV.
385 2357 432 2422 At
453 2356 577 2421 Xerxes
596 2356 825 2440 Thermopylis
850 2355 1042 2439 expugnatis
1066 2356 1216 2441 protinus
1240 2358 1379 2424 accessit

202 2443 307 2533 astul)
330 2445 427 2531 idque
449 2446 548 2511 nullis
568 2445 814 2510 defendentibus
837 2444 1015 2509 interfectis
1040 2445 1271 2529 sacerdotibus,
1295 2468 1377 2531 quos

165 2535 235 2599 ein
264 2557 337 2600 arce
364 2535 547 2620 invenerat,
573 2533 724 2600 incendio
752 2533 879 2598 delevit.
926 2529 1026 2598 Cuius
1052 2534 1186 2599 flamma
1212 2536 1379 2619 perterriti

201 2624 361 2689 classiarii
388 2645 460 2689 cum
488 2645 619 2688 manere
650 2644 718 2687 non
745 2624 900 2687 auderent
927 2625 960 2686 ct
991 2622 1124 2705 plurimi
1155 2622 1377 2703 hortarentur,

200 2715 238 2776 ut
255 2712 370 2776 domos
390 2732 465 2775 suas
485 2711 686 2775 discederent
704 2711 938 2795 moenibusque
958 2732 992 2774 se
1011 2710 1230 2795 defenderent,
1246 2711 1377 2776 Themi-

202 2801 319 2864 stocles
343 2820 425 2863 unus
448 2798 582 2864 restitit:
612 2799 781 2863 universos
805 2800 892 2862 enim'
920 2820 1014 2881 pares
1038 2820 1109 2878 esee
1136 2820 1234 2882 posse
1258 2799 1381 2885 aiebat,

202 2887 366 2972 dispersos
388 2886 572 2952 testabatur
594 2887 767 2972 perituros,
789 2885 886 2971 idque
907 2885 1088 2970 Eurybiadi
1110 2885 1378 2972 Lacedaemonio,

166 2977 259 3062 aqui
291 2979 361 3041 tum
394 2997 540 3041 summae
571 2976 699 3059 imperii
730 2979 895 3060 praeerat,
927 2975 997 3039 fore
1034 2975 1228 3041 affirmabat.
1274 2975 1376 3052 Quem

202 3087 276 3129 cum
303 3065 410 3130 minus
439 3086 536 3149 quam
563 3064 664 3129 vellet
690 3068 847 3146 moveret,
874 3067 975 3130 noctu
997 3063 1037 3128 de
1060 3065 1162 3128 servis
1191 3065 1256 3129 suis
1281 3087 1377 3149 quem

203 3152 319 3219 habuit
336 3152 563 3219 fidelissimum
583 3154 622 3218 ed
640 3174 751 3238 regem
770 3153 871 3236 misit,
889 3156 925 3217 ut
945 3152 974 3216 ei
992 3151 1159 3217 nuntiaret
1177 3154 1244 3217 suis
1261 3154 1381 3239 verbis,

167 3258 185 3308 4
205 3241 408 3307 adversarios
430 3245 499 3307 eius
522 3242 557 3306 in
580 3242 659 3327 fuga
677 3263 761 3308 esse:
784 3242 840 3325 qui
859 3241 887 3305 si
905 3241 1139 3319 discessissent,
1161 3242 1285 3307 maiore
1302 3263 1378 3306 eum

201 3330 314 3396 labore
338 3334 370 3395 et
394 3330 620 3416 longinquiore
643 3334 790 3414 tempore
812 3330 936 3394 bellum
960 3329 1190 3414 confecturum,
1215 3352 1289 3394 cum
1312 3332 1378 3394 sin·

202 3421 298 3505 gulos
322 3419 503 3486 consectari
526 3419 786 3504 cogereturrsin
805 3440 859 3483 eos
884 3419 997 3483 statim
1021 3417 1262 3503 aggrederetur,
1284 3419 1376 3483 brevi

203 3510 372 3575 universos
396 3529 635 3593 oppressurum.
679 3507 752 3572 Hoc
776 3529 812 3572 eo
837 3507 983 3591 valebat,
1006 3511 1043 3572 ut
1071 3505 1167 3571 inviti
1195 3505 1310 3572 Graeci
1333 3506 1377 3571 ad

166 3611 182 3661 5
202 3597 454 3683 depugnandum
473 3619 585 3664 omnes
604 3599 804 3682 cogerentur.
831 3593 997 3660 Barbarus
1015 3617 1050 3659 re
1070 3595 1189 3678 audita,
1206 3594 1290 3660 nihil
1308 3594 1377 3660 doli

239 3824 262 3893 Β)
289 3822 429 3879 Genauer:
453 3823 535 3879 Viele
560 3824 693 3879 deuteteu
717 3823 763 3878 die
854 3823 875 3891 ⁶)
898 3823 960 3876 Nur
978 3819 1025 3874 die
1042 3822 1144 3876 Laced.
1162 3820 1221 3876 und
1240 3821 1379 3892 Thespier

202 3895 301 3951 Worte
327 3895 377 3950 des
404 3894 522 3950 Oralrele
550 3895 602 3949 auf
625 3894 688 3949 eine
712 3912 762 3948 un·
816 3892 908 3948 fielen.
939 3892 993 3946 Die
1011 3891 1160 3947 Thebaner
1177 3894 1292 3947 wurden
1311 3909 1377 3948 vom

203 3965 557 4036 glr'ielrlioheSeeeehlaeht
570 3963 761 4032 beiSalamis;
816 3963 926 4032 Kbnige
962 3962 1120 4019 verschont.
1167 3962 1219 4018 Die
1255 3963 1376 4034 bbrigen

203 4037 339 4091 Themist.
358 4037 427 4092 aber
444 4036 615 4106 tiberaeugte
633 4037 681 4106 eie,
700 4035 762 4090 dale
815 4034 1066 4102 Buudeegenoseen
1079 4033 1159 4088 hatte
1167 4032 1306 4090 Leonidae
1314 4049 1377 4090 vor·

202 4108 265 4164 eine
303 4107 445 4162 ldekliohe
463 4106 590 4177 gemeint
608 4107 657 4161 sei.
815 4106 867 4159 her
886 4106 1035 4158 entlaesen.

240 4180 261 4249 ⁴)
279 4125 383 4233 diesen
396 4177 568 4247 Maseregeln
584 4176 654 4259 ging
668 4177 718 4232 das
732 4176 763 4230 in
853 4174 1378 4257 ⁶)DieZahlwarerstinderSehlaeht

202 4247 762 4377 pap.IlllEraapltevoran,qreqptrohdqs
815 4247 1002 4386 behsdhamw
1011 4246 1114 4372 doddilt
1140 4317 1161 4387 L
1179 4321 1197 4370 4

215 4335 472 4388 ogenernenm
493 4336 621 4392 engeeu
682 4335 762 4374 ππ.
939 4336 1009 4374 m.z
1114 4360 1122 4374 .
1198 4358 1206 4374 .
