3028 4908
215 219 265 284 40
617 220 985 277 IROEARIARM

222 383 816 469 mohab-benum&
841 382 1161 470 thexrebrn’)
1173 386 1390 455 Athenienses
1492 400 1493 405 ’

185 490 377 557 anagn
404 473 793 558 ghinmtebpfi
836 473 1161 558 Sdthhuus,
1188 477 1243 560 qui
1269 498 1391 542 novum

219 561 1390 649 auritmdpenhrtegrptumpmrearegeiussus

219 657 305 732 nt,
330 653 459 735 legates
485 652 577 715 arria
597 651 746 715 Athena
772 658 937 736 quotu,
957 651 1045 735 qnod
1066 651 1224 717 Chabrias
1253 654 1389 737 [aeus]

219 740 393 805 dvm
419 760 532 824 regu
554 741 678 804 bellu
703 752 831 825 gemet
852 762 926 804 eu
946 741 1129 824 Aegyptiis
1171 741 1389 810 Athenienses

218 827 1155 915 dimmhannbriaepeestitufl-mtquante‘)
1173 830 1305 895 domum
1325 833 1389 898 nisi

219 918 1191 1002 massmannus-mammem
1234 919 1390 995 Quoius
1492 954 1493 959 κ

217 1010 335 1072 nuntio
355 1008 506 1072 Athenas
526 1008 633 1071 rediit

183 1114 199 1160 1
307 1095 367 1160 Ill.
387 1097 510 1161 Postea
531 1119 606 1161 earn
626 1118 747 1160 norun
770 1095 893 1159 bellun
914 1095 1002 1159 inter
1017 1096 1201 1180 Aegyptios
1219 1101 1252 1161 et
1269 1097 1389 1164 Persas

218 1185 395 1250 conflatum
427 1192 528 1267 emet,
558 1184 719 1251 Chabriae
749 1186 869 1248 iterun
899 1206 938 1248 eu
967 1185 1131 1267 profectus
1158 1187 1388 1270 est[a.361]

217 1274 436 1339 Athenienses
454 1297 529 1338 eun
547 1277 728 1339 Artaxerxe
745 1275 935 1338 sedentem
950 1273 1125 1357 hebebant,
1142 1273 1390 1342 Lacedaemonii

217 1385 292 1428 eum
318 1365 509 1449 Aegyptiis,
534 1385 554 1427 a
581 1365 699 1449 quihm
721 1369 858 1428 recatus
885 1383 1023 1446 magnas
1047 1363 1184 1446 medas
1206 1364 1389 1448 Agesilaus,

216 1474 276 1516 rex
306 1474 433 1535 eorum,
463 1452 614 1517 iaciebat
657 1450 1201 1534 IdintuensChabriae,eurnin
1231 1475 1266 1516 re
1297 1454 1389 1518 nulla

218 1540 1387 1626 Agesilaoeederetsnasponteeosediutempruteetuaelessiprae-

218 1630 291 1714 tuit
312 1630 519 1715 pedestribus
540 1632 643 1713 copiis
660 1632 844 1713 Agesilm
878 1629 942 1705 Qui
960 1651 1035 1693 cunr
1053 1651 1074 1693 a
1090 1629 1208 1711 Tacho,
1229 1630 1388 1716 Aegypti-

219 1739 313 1782 orum
331 1739 419 1802 rege,
437 1719 597 1781 alienatus
615 1717 658 1783 ad
673 1717 895 1783 Nectenebin
912 1718 1061 1800 alterum,
1082 1720 1151 1782 eius
1169 1719 1387 1784 adversarium

219 1811 254 1869 et
269 1807 364 1889 regni
381 1807 636 1890 wmpetitorem,
658 1829 694 1871 ae
712 1809 920 1890 applicasset,
941 1804 1100 1871 Chabrias
1117 1807 1263 1872 Athenas
1282 1809 1387 1874 rediit

183 1905 200 1954 2
217 1893 332 1976 Neque
353 1893 401 1957 ibi
424 1893 547 1957 diutius
570 1902 620 1958 est
641 1902 802 1977 mantus,
822 1918 923 1980 quarn
943 1895 1008 1960 fuit
1028 1917 1167 1960 neeesse
1200 1894 1277 1960 Non
1301 1897 1385 1961 enim

218 1981 359 2045 libenter
376 1987 448 2046 erat
465 1985 543 2046 ante
565 1984 675 2049 oeuloe
698 2005 831 2049 sucrum
847 1985 976 2069 civium,
995 1985 1082 2068 quod
1099 1990 1133 2048 et
1150 1985 1281 2049 vivebat
1298 1985 1386 2050 laute

219 2074 254 2133 et
281 2069 475 2155 indulgebat
504 2070 568 2135 sibi
595 2072 745 2157 hiterius,
773 2095 872 2157 quarn
902 2082 941 2136 ut
970 2072 1127 2137 invidiam
1155 2074 1245 2157 vulgi
1274 2079 1387 2158 posset

182 2158 368 2242 eeffugere.
411 2158 477 2224 Est
505 2162 593 2224 enim
621 2160 686 2227 hoe
712 2183 883 2227 eemmnne
910 2162 1027 2227 vitium
1054 2163 1183 2246 magnis
1212 2162 1384 2247 liberisque

216 2242 419 2331 eivitatibus,
441 2252 480 2312 ut
501 2249 624 2314 invidia
646 2252 770 2336 gloriae
793 2272 901 2316 eomes
924 2250 970 2314 sit
992 2256 1026 2314 et
1046 2250 1183 2315 libenter
1206 2251 1245 2315 de
1267 2251 1309 2316 iis
1332 2252 1383 2316 de·
1492 2320 1493 2331 ¹

216 2335 368 2420 trahant,
400 2358 482 2421 quos
513 2339 655 2403 eminere
687 2339 819 2405 rideant
849 2340 966 2421 altius,
1000 2361 1103 2423 neque
1139 2340 1248 2404 animo
1284 2362 1383 2424 aequo

214 2447 374 2509 pauperes
393 2426 533 2491 alienam
552 2427 742 2493 intueantur
758 2429 933 2494 fortunent
958 2425 1076 2512 Itaque
1093 2426 1261 2513 Chabrias,
1279 2429 1384 2514 quoad
1492 2468 1493 2513 ;

179 2513 247 2577 tei
275 2514 408 2596 licebat,
439 2515 615 2599 plurimum
645 2516 768 2583 aberat
812 2515 927 2601 Neque
956 2539 1034 2580 vero
1066 2517 1154 2582 solus
1186 2517 1242 2581 ille
1275 2518 1385 2582 aberat

214 2601 354 2667 Athenis
372 2603 522 2689 libenter,
544 2605 602 2669 sed
620 2627 733 2671 omnes
750 2606 820 2671 fere
841 2606 1002 2691 principes
1019 2605 1166 2669 fecerunt
1187 2606 1281 2692 idem,
1300 2605 1382 2690 quod

213 2693 344 2753 tantum
364 2713 398 2754 se
417 2692 459 2756 ab
477 2692 600 2757 invidia
616 2692 801 2781 putarent⁵)
824 2695 982 2776 afuturus,
998 2698 1154 2777 qnantum
1173 2717 1192 2758 a
1213 2699 1383 2779 conspectu
1492 2724 1493 2773 }

215 2798 348 2841 suorum
385 2781 603 2844 recessissent
651 2781 767 2867 Itaque
799 2781 915 2849 Οοιιοιι
950 2784 1125 2867 plurimum
1157 2781 1258 2867 Cypri
1294 2785 1384 2866 vixit,

214 2863 395 2947 Iphicrates
425 2867 461 2930 in
481 2866 653 2949 Thraecia,
675 2868 867 2935 Timotheus
890 2871 1001 2955 Lesbi,
1023 2869 1144 2936 Chares
1168 2868 1267 2957 Sigei.
1312 2871 1382 2937 Dis·

215 2952 330 3015 similia
354 2953 483 3036 quidem
502 2952 625 3019 Chares
647 2956 831 3021 illuminet
852 2960 948 3025 factis
969 2965 1003 3024 et
1025 2961 1177 3043 moribus,
1199 2960 1255 3024 sed
1273 2964 1381 3026 tamen

215 3039 354 3104 Athenis
377 3044 411 3103 et
432 3041 612 3107 honoratus
635 3050 668 3108 et
690 3044 848 3132 potens⁶).

180 3142 193 3187 1
302 3126 359 3193 IV.
381 3127 484 3194 Periit
501 3136 611 3196 autem
630 3130 789 3199 Chabrias
807 3136 895 3200 bello
914 3137 1027 3202 sociali
1044 3137 1107 3202 hoe
1125 3137 1229 3203 modo.
1255 3138 1381 3219 [aeut]

214 3212 458 3301 Oppugnabant
490 3219 706 3287 Athenienses
739 3223 866 3290 Chium.
910 3224 994 3290 Erat
1023 3226 1059 3290 in
1090 3227 1191 3291 classe
1224 3224 1382 3292 Chabrias

213 3304 371 3388 privatus,
394 3307 452 3371 sed
470 3329 592 3391 omnes,
615 3312 671 3394 qui
688 3312 724 3375 in
746 3313 1061 3397 magistratuum,
1084 3315 1277 3380 auctoritate
1296 3319 1382 3380 ante

212 3390 296 3478 ibat,
323 3396 361 3458 ut
386 3396 492 3481 magis
520 3418 593 3461 eum
619 3400 742 3465 milites
769 3422 865 3484 quam
893 3402 949 3485 qui
976 3408 1146 3486 praeerant
1176 3404 1381 3487 suspicerent
1492 3430 1493 3435 ¹

178 3494 194 3543 t
214 3480 302 3560 Quae
324 3503 376 3548 res
400 3484 430 3548 ei
453 3485 629 3550 maturavit
651 3491 798 3553 mortem.
828 3488 914 3554 Nam
933 3491 1009 3554 dum
1032 3491 1157 3576 primus
1180 3492 1288 3557 studet
1311 3516 1381 3577 por·
1492 3526 1493 3601 p

248 3704 270 3777 ¹)
288 3705 359 3763 Dein
372 3706 433 3765 Eua
453 3726 525 3780 oras,
539 3712 589 3768 der
603 3714 653 3768 auf
660 3714 770 3785 cypern
859 3716 882 3785 ⁴)
904 3715 958 3772 Die
976 3717 1092 3787 Prtpos.
1110 3734 1207 3773 versus
1224 3719 1281 3774 und
1299 3722 1380 3775 tenne

212 3774 258 3833 etu
276 3792 331 3832 von
349 3778 404 3834 den
444 3798 538 3837 errem
556 3784 769 3856 unabhtngiges
823 3787 923 3842 steheu
944 3788 975 3841 in
997 3788 1047 3842 der
1064 3789 1153 3859 Regel
1174 3790 1268 3844 hinter
1290 3791 1381 3846 ihren

211 3844 383 3917 Itbntgreteh
408 3852 534 3919 prender
560 3855 668 3925 onte,
692 3859 769 3911 ward
822 3857 946 3926 Nomen,
963 3856 1058 3912 hinter
1076 3859 1139 3914 dem
1157 3860 1315 3916 Pronomen
1333 3862 1380 3931 qni

213 3912 411 3975 Chabrtaettt
425 3920 544 3978 auHilfe
558 3927 712 3994 geschiekt.
731 3927 770 3980 Er
822 3928 918 3997 haufig
949 3928 1022 3982 auch
1053 3935 1132 3999 ante,
1160 3934 1270 3999 centia,
1297 3932 1379 3998 inter,

211 3984 524 4059 temperamentis
534 3999 586 4050 885
596 3996 769 4068 andregelte
821 4003 950 4066 propter,
981 3998 1068 4054 iuxta
1106 4002 1201 4056 Selten
1233 4001 1270 4056 ist
1305 4003 1380 4058 diese
1492 4014 1493 4071 l

212 4054 380 4116 denneulei
401 4055 768 4139 eneHaudnachAgypten
823 4067 951 4138 Stellung
968 4067 1062 4124 hinter
1075 4072 1139 4127 dem
1152 4072 1311 4129 Pronomen
1323 4073 1380 4140 hie,
1492 4104 1493 4135 r

210 4144 256 4185 an
266 4124 382 4187 dortdle
411 4138 767 4203 mpbrerauunterstttaen.
820 4158 843 4194 n.
858 4139 888 4195 B.
907 4138 988 4195 Paua.
1003 4139 1051 4209 IV,
1065 4146 1091 4198 4.

293 4234 315 4266 Ὗ
339 4234 366 4293 h.
385 4234 492 4308 lutolpe
519 4240 568 4296 der
585 4242 696 4299 Thaten
719 4243 767 4327 dea
858 4266 880 4333 ε)
901 4266 980 4320 ΑΜ,
1000 4284 1034 4320 m
1053 4266 1165 4321 Datum,
1183 4267 1218 4335 Π,
1237 4272 1263 4323 3,

336 4322 348 4363 ι
367 4306 417 4364 aul
430 4306 535 4381 (lyparn
552 4312 659 4368 eowohl
678 4314 720 4369 als
737 4332 767 4370 m

337 4396 350 4435 ι.
858 4387 880 4456 ⁰)
898 4388 981 4445 Anm.
1000 4407 1033 4443 zu
1052 4389 1147 4459 Pelop.
1166 4390 1187 4459 1,
1208 4397 1231 4445 1.
