3028 4908
592 212 753 269 ATTIOUS.
779 220 820 268 12.
840 220 882 269 13.
1282 217 1324 281 91
1429 250 1434 254 -

154 376 333 440 immortali
364 374 521 440 memoria
552 378 708 460 percepta
740 377 903 440 retinebat
934 376 1103 442 beneficiat
1140 398 1222 460 quae
1254 377 1325 461 ipse

153 464 323 548 tribuerat,
345 468 414 529 tam
438 462 493 527 diu
516 464 721 548 meminerat,
744 465 852 549 quoad
873 465 928 530 ille
952 469 1064 550 gratus
1088 469 1171 551 erat,
1194 465 1248 551 qui
1272 488 1324 530 ae-

154 556 293 638 ceperat.
338 551 453 637 Itaque
477 552 590 630 effecit,
614 555 650 616 ut
672 574 746 617 vere
769 553 892 618 dictum
915 554 1076 619 videatur:
1343 569 1359 616 a

275 639 331 706 Sui
355 642 470 725 cuique
494 662 599 704 mores
622 641 751 726 fingunt
773 642 937 707 fortunam
960 639 1204 732 hominibus⁸⁵).

154 729 267 814 Neque
296 734 406 795 tamen
433 729 525 813 prius
552 728 717 794 fortunam
740 752 837 815 quam
862 753 896 796 ss
919 732 988 816 ipse
1011 732 1122 817 fingit,
1145 733 1200 816 qui
1223 735 1325 817 caret,

153 841 194 884 ne
218 842 281 905 qua
303 820 339 884 in
361 840 396 883 re
418 818 488 882 iure
511 817 681 902 plectatur.

240 907 314 973 XIL
349 906 420 971 Illis
452 906 554 990 igitur
584 907 681 971 rebus
713 908 843 973 Atticus
876 908 982 974 effecit
1014 912 1050 973 ut
1080 908 1124 973 M.
1146 907 1358 993 Vipsaniusr

153 995 313 1083 Agrippa,
340 995 457 1060 intima
487 993 713 1061 familiaritate
741 998 929 1062 coniunctus
958 997 1155 1063 adulescenti
1183 997 1324 1077 Caesari,

152 1107 225 1149 cum
249 1089 382 1169 propter
405 1105 497 1148 suam
521 1084 662 1167 gratiam
685 1088 718 1149 et
737 1082 886 1151 Caesaris
905 1085 1087 1169 potentiam
1110 1086 1229 1151 nullius
1248 1109 1324 1152 eon-

153 1174 289 1238 dicionis
318 1194 383 1238 non
410 1171 546 1236 haberet
579 1176 791 1256 potestatem,
817 1174 905 1239 illius
934 1175 1141 1258 potissimum
1168 1174 1324 1260 deligeret

153 1261 357 1327 adfinitatem
379 1264 650 1346 praeoptaretque
675 1261 793 1346 equitis
811 1262 951 1327 Romani
972 1263 1073 1327 filiam
1091 1283 1323 1347 generosarum

153 1350 286 1435 nuptiis.
322 1348 431 1435 Atque
449 1349 566 1414 harum
588 1350 776 1434 nuptiarum
800 1351 991 1416 conciliator
1010 1351 1324 1437 circumtonsa,
1343 1367 1359 1414 2

150 1440 302 1504 triumvir
323 1438 370 1503 rei
393 1438 542 1522 publicae
565 1439 820 1504 constituendae.
858 1439 956 1505 Cuius
980 1441 1087 1525 gratia
1110 1463 1182 1506 cum
1206 1461 1324 1526 augere

151 1529 373 1612 possessiones
396 1531 509 1611 posset
536 1549 627 1610 suas,
653 1530 782 1592 tantum
813 1529 895 1593 afuit
918 1551 937 1592 a
960 1530 1136 1614 cupiditate
1160 1531 1325 1615 pecuniae,

151 1620 189 1681 ut
210 1618 267 1682 illa
288 1616 379 1681 nulla
405 1616 498 1680 inre
522 1619 665 1680 uteretur
686 1616 750 1681 nisi
779 1617 814 1681 in
838 1617 1047 1702 deprecandis
1071 1619 1248 1684 amicorum
1270 1618 1324 1682 rel

152 1706 300 1789 periculis
322 1705 375 1771 vel
397 1703 621 1769 incommodis.
665 1703 757 1780 Quod
779 1705 907 1789 quidem
932 1708 992 1771 sub
1015 1707 1089 1792 ipsa
1111 1728 1183 1790 pro·
1208 1710 1250 1788 [a.
1264 1707 1321 1789 43]
1343 1722 1359 1770 3

152 1794 327 1878 scriptione
345 1792 531 1876 perillustre
554 1793 624 1858 fuit.
663 1792 747 1859 Nam
766 1816 840 1859 eum
859 1794 893 1860 L.
909 1792 1020 1860 Saufei
1039 1795 1158 1880 equitis
1175 1795 1324 1876 Romani,

152 1882 206 1967 qui
218 1883 398 1964 complures
409 1903 511 1946 annos
523 1882 632 1946 studio
642 1881 759 1947 ductus
773 1883 1148 1967 philosophiaeAthenis
1156 1884 1325 1949 habitarat

150 1971 357 2053 habebatque
384 1970 419 2033 in
446 1970 543 2034 Italia
570 1971 729 2052 pretiosas
757 1974 994 2056 possessiones,
1023 1973 1255 2037 consuetudine
1278 1994 1325 2055 ea,

153 2082 216 2144 qua
242 2064 312 2123 tum
339 2080 391 2122 res
424 2059 633 2143 gerebantur,
662 2063 729 2124 tres
757 2061 818 2123 riri
846 2062 932 2125 bona
958 2061 1192 2146 vendidissent,
1222 2061 1325 2126 Attici

151 2147 263 2213 labore
291 2151 388 2231 atque
414 2147 575 2211 industria
602 2146 812 2231 factumest,
840 2153 878 2212 ut
901 2150 1013 2214 eodem
1035 2151 1151 2216 nuntio
1175 2148 1324 2215 Saufeius

152 2237 242 2301 fieret
269 2237 388 2301 certior
415 2257 449 2300 se
479 2235 712 2318 patrimonium
740 2237 888 2301 amisisse
916 2242 949 2302 et
973 2261 1187 2322 recuperasse.
1233 2239 1359 2302 Idem4

151 2325 187 2390 L.
214 2324 332 2391 Iulium
360 2322 523 2407 Calidum,
561 2346 654 2408 quem
687 2330 762 2408 post
793 2324 935 2391 Lucretii
967 2324 1156 2412 Catullique
1184 2331 1324 2394 mortem

152 2415 255 2480 multo
288 2414 565 2499 elegantissimum
597 2416 727 2498 potitam
759 2418 905 2479 nostram
937 2415 1052 2480 tulisse
1081 2420 1221 2481 aetatem
1248 2438 1323 2481 vere

151 2504 262 2568 videor
285 2502 488 2586 contendere,
510 2523 612 2585 neque
635 2502 741 2566 minus
765 2504 870 2567 virum
889 2505 1011 2568 bonum
1030 2505 1224 2590 optimisque
1249 2506 1324 2570 arti-

152 2593 213 2657 bus
243 2591 417 2674 eruditum,
443 2594 520 2674 post
546 2591 819 2674 proscriptionem
847 2593 992 2675 equitum
1024 2597 1158 2677 propter
1188 2614 1324 2678 magnas

153 2681 222 2745 eius
258 2679 431 2767 Africanas
473 2680 694 2764 possessiones
735 2680 771 2743 in
806 2682 1061 2766 proscriptorum
1098 2704 1267 2747 numerum
1305 2707 1324 2749 a

153 2768 187 2836 P.
216 2767 405 2852 Volumnio,
436 2768 599 2851 praefecto
630 2767 759 2832 fabrum
792 2768 945 2855 Antonii,
981 2771 1149 2836 absentem
1183 2772 1324 2836 relatum

151 2857 321 2942 expedivit.
361 2854 453 2932 Quod
471 2857 505 2920 in
523 2856 686 2941 praesenti
693 2853 733 2941 ³⁶)
752 2861 861 2922 utrum
880 2859 909 2923 ei
929 2858 1125 2925 laboriosius
1145 2882 1186 2924 an
1205 2860 1323 2946 glorio·
1342 2877 1358 2924 5

152 2947 219 3011 sius
242 2946 350 3030 licerit,
380 2945 511 3010 difficile
535 2948 585 3010 est
607 2946 763 3028 iudicare,
785 2946 850 3010 nisi
873 2947 958 3031 quod
981 2949 1016 3013 in
1036 2970 1148 3015 eorum
1170 2950 1323 3033 periculis

151 3057 217 3101 non
240 3057 333 3101 secus
356 3034 506 3099 absentes
530 3056 627 3118 quam
651 3039 837 3118 praesentes
862 3038 983 3102 amicos
1003 3038 1114 3104 Attico
1135 3060 1204 3103 esse
1228 3060 1323 3102 curae

151 3125 319 3209 cognitum
342 3129 401 3189 est.

239 3210 327 3276 XIIL
350 3210 464 3297 Neque
483 3231 558 3275 vero
581 3211 635 3274 ille
659 3211 767 3275 minus
790 3212 894 3277 bonus
913 3218 1006 3298 pater
1027 3214 1170 3280 familias
1190 3215 1323 3279 habitus
1344 3233 1357 3281 1

152 3304 203 3365 est
226 3321 323 3384 quam
346 3300 435 3365 civis.
476 3299 562 3364 Nam
584 3321 657 3364 cum
680 3305 766 3364 esset
787 3302 991 3386 pecuniosus,
1014 3324 1109 3369 nemo
1133 3304 1191 3368 illo
1215 3303 1323 3368 minus

151 3389 215 3454 fuit
241 3410 348 3468 emax,
380 3388 486 3453 minus
516 3388 711 3453 aedificator.
755 3387 869 3473 Neque
901 3395 1010 3456 tamen
1042 3414 1109 3456 non
1141 3393 1176 3456 in
1208 3391 1323 3477 primis

151 3478 235 3542 bene
267 3477 430 3543 habitarit
461 3477 674 3561 omnibusque
711 3477 844 3561 optimis
881 3481 978 3543 rebus
1014 3502 1092 3545 usus
1125 3484 1182 3545 est.
1236 3481 1357 3546 Nama

152 3567 284 3632 domum
313 3565 429 3631 habuit
456 3567 491 3630 in
519 3565 602 3630 colle
626 3565 785 3642 Quirinali
807 3566 1127 3654 Tamphilianamll),
1156 3570 1196 3633 ab
1225 3591 1323 3634 avun-

152 3657 223 3721 culo
250 3655 431 3720 hereditate
458 3653 635 3738 relictam,·
650 3655 740 3719 cuius
769 3657 950 3720 amoenitas
976 3678 1042 3721 non
1074 3658 1234 3742 aedificio,
1267 3658 1323 3723 sed

152 3745 234 3809 silva
266 3746 451 3810 constabat:
484 3744 591 3826 ipsum
623 3742 710 3807 enim
742 3746 864 3808 tectum
897 3744 1076 3831 antiquitus
1109 3747 1322 3812 constitutum

150 3833 225 3917 plns
249 3829 495 3915 salubritatis38)
519 3853 617 3916 quam
641 3835 788 3914 sumptus
812 3832 967 3899 habebat:
990 3834 1025 3898 in
1049 3858 1112 3920 quo
1135 3835 1218 3901 nihil
1236 3859 1322 3902 com·

151 3922 304 4004 mutavit,
325 3922 389 3985 nisi
412 3920 536 4005 siquid
559 3923 722 3985 vetustate
745 3925 875 3986 coactus
899 3925 958 3988 est.
1004 3922 1090 3989 Usus
1114 3929 1163 3990 est
1185 3925 1322 4009 familia,
1341 3942 1358 3990 a

152 4011 181 4075 si
208 4010 351 4074 utilitate
378 4009 585 4075 iudicandum
614 4012 677 4091 est,
708 4009 845 4094 optima,
874 4011 902 4075 si
929 4012 1048 4095 forma,
1076 4014 1130 4079 vix
1158 4013 1323 4079 mediocri.

190 4167 223 4233 ⁸⁶)
242 4164 413 4220 lambisehsr
431 4165 531 4231 Senar,
549 4182 600 4218 aus
619 4162 711 4218 einem
802 4166 837 4237 ³⁷)
855 4167 936 4222 Naoh
950 4169 1014 4224 dem
1023 4169 1148 4225 Erbausr
1157 4169 1323 4240 Tamphilus

151 4237 351 4292 unbekannten
370 4235 486 4292 Dichter
504 4236 691 4289 entnommen.
763 4236 896 4293 bsnannt.
1303 4294 1304 4298 ,

189 4308 223 4377 ⁸⁶)
251 4306 339 4362 Unter
369 4308 424 4362 den
454 4305 616 4376 damaligen
642 4305 708 4360 Ver·
800 4307 835 4376 ⁸⁸)
858 4308 937 4364 Eben
968 4326 1066 4379 wegen
1098 4311 1148 4367 der
1174 4312 1251 4381 Lege
1283 4312 1323 4367 im

150 4378 312 4434 htltnissen.
764 4378 883 4434 Grtinen.
