3028 4908
216 192 260 255 14
616 193 665 250 Ν.
691 193 904 250 PAUSANIAS.
928 199 953 251 2.
968 201 994 249 3.

216 355 339 420 deletos
358 355 491 438 eiusque
505 354 662 420 victoriae
676 352 787 439 erg0²)
806 355 887 421 illud
902 377 937 420 se
952 355 1100 439 Apollini
1115 356 1236 421 donum
1254 358 1393 425 dedisse.

181 443 287 508 4Hos
302 464 414 508 versus
432 442 680 508 Lacedaemonii
698 444 944 527 exsculpserunt
962 465 1068 528 neque
1085 444 1174 509 aliud
1189 444 1391 528 scripserunt

217 553 315 618 quam
328 532 462 597 nomina
475 553 585 597 earum
596 532 774 615 civitatum,
784 554 921 616 quarum
935 532 1057 597 auxilio
1068 533 1185 598 Persae
1199 538 1294 598 erant
1304 535 1392 601 victi.

182 637 196 684 1
305 619 348 686 II.
370 619 452 684 Post
474 620 507 684 id
530 620 692 704 proelium
710 620 848 685 eundem
865 620 1062 685 Pausaniam
1085 622 1281 687 cumulasse
1304 644 1393 688 com-

216 708 306 773 muni
325 706 471 793 Cyprum
495 712 592 792 atque
610 706 857 793 Hellespontum
880 711 1047 791 misemnt,
1070 713 1107 773 ut
1124 731 1163 774 ex
1186 710 1228 775 iis
1248 712 1392 795 regioni-

181 798 277 862 sbus
305 797 518 862 barbarorum
548 796 711 881 praesidia
738 797 921 880 depelleret.
964 796 1041 862 Pari
1063 797 1218 863 felicitate
1247 802 1289 879 [a.
1307 800 1389 882 477]

215 887 251 949 in
270 906 308 949 ea
330 906 365 948 re
383 907 461 950 usus
484 885 624 950 maiores
642 888 795 968 appetere
817 886 1006 969 reaccepit.
1032 885 1119 952 Nam
1139 908 1210 951 eum
1228 884 1394 971 Byzantio

216 976 402 1058 expugnato
431 973 571 1058 cepisset
598 975 781 1058 complures
807 973 980 1038 Persarum
1006 975 1134 1039 nobiles
1163 978 1259 1061 atque
1286 977 1321 1040 in
1347 977 1391 1042 iis

216 1062 391 1127 nonnullos
413 1063 500 1145 regis
524 1063 734 1146 propinquos,
757 1062 818 1126 hos
843 1063 927 1127 clam
950 1061 1051 1127 Xerxi
1073 1063 1209 1149 remisit,
1232 1063 1390 1129 simulans

216 1173 256 1215 ex
269 1150 407 1215 vinculis
426 1149 566 1233 publicis
581 1150 743 1234 effugisse,
761 1156 795 1215 et
812 1172 886 1217 cum
903 1151 944 1216 iis
960 1150 1145 1235 Gongylum
1159 1150 1392 1238 Eretriensem,

216 1239 272 1323 qui
294 1240 421 1303 litteras
440 1240 511 1323 regi
532 1238 688 1321 redderet,
711 1238 745 1303 in
765 1240 882 1324 quibus
901 1238 982 1304 haec
999 1239 1101 1305 fuisse
1125 1241 1246 1324 scripta
1264 1240 1392 1326 Thucy-

181 1344 197 1393 3
217 1327 307 1392 dides
321 1328 498 1392 memoriae
512 1327 669 1411 prodidit:
684 1326 886 1411 Pausanias,
900 1327 964 1392 dux
979 1326 1126 1412 Spartae,
1140 1350 1221 1414 quos
1234 1326 1392 1412 Byzantii

215 1421 354 1500 ceperat,
376 1419 551 1501 postquam
573 1416 776 1500 propinquos
794 1421 868 1482 tuos
888 1417 1051 1500 cognovit,
1073 1416 1135 1481 tibi
1153 1418 1282 1482 muneri
1300 1418 1392 1483 misit

215 1526 313 1589 seque
341 1508 450 1569 tecum
473 1505 641 1570 adfinitate
669 1504 822 1589 coniungi
851 1504 953 1586 cupit:
977 1527 1091 1588 quare,
1114 1507 1143 1570 si
1164 1506 1227 1571 tibi
1254 1505 1392 1591 videtur,

179 1593 271 1658 sdes
304 1593 335 1657 ei
365 1593 468 1657 filiam
504 1596 595 1657 tuam
625 1596 771 1676 nuptum.
817 1591 855 1656 ld
888 1593 916 1656 si
947 1592 1075 1676 feceris,
1107 1597 1141 1657 et
1173 1591 1324 1678 Spartam
1357 1600 1392 1660 et

214 1686 355 1746 ceteram
374 1679 543 1746 Graeciam
567 1680 627 1744 sub
646 1684 738 1744 tuam
757 1702 792 1744 se
810 1684 1006 1764 potestatem
1029 1681 1201 1747 adiuvante
1223 1685 1256 1747 te
1279 1682 1389 1748 redac-

214 1775 321 1835 turum
348 1769 529 1853 pollicetur.
571 1767 632 1832 His
655 1768 695 1832 de
722 1769 819 1834 rebus
843 1769 968 1853 siquid
992 1771 1061 1855 geri
1082 1770 1237 1856 volueris,
1260 1776 1385 1836 eertum

180 1858 380 1925 abominem
404 1856 446 1921 ad
469 1878 542 1921 eum
563 1855 616 1921 fac
639 1857 763 1936 mittas,
785 1878 859 1922 cum
883 1878 947 1942 quo
975 1857 1198 1944 colloquatur'.
1243 1859 1314 1924 Rex
1335 1864 1388 1925 tot

215 1946 386 2010 hominum
409 1945 514 2009 salute
532 1949 602 2011 tam
625 1945 691 2010 sibi
709 1946 965 2011 necessariorum
988 1968 1107 2032 magno
1132 1969 1228 2031 opere
1254 1948 1387 2033 gavisus

216 2034 389 2099 confestim
412 2055 486 2098 cum
508 2034 651 2117 epistula
675 2034 873 2100 Artabazum
897 2035 937 2099 ad
960 2032 1190 2122 Pausaniam³)
1215 2037 1330 2121 mittit,
1353 2037 1390 2101 in

216 2143 376 2208 quaeum
403 2122 582 2187 collaudat:
609 2144 651 2188 ne
679 2124 731 2188 cui
753 2123 800 2187 rei
828 2127 943 2208 parcat
966 2125 1006 2188 ad
1034 2146 1072 2190 ea
1095 2124 1276 2209 efficienda,
1306 2146 1390 2209 quae

215 2211 421 2297 polliceatur:
440 2212 468 2275 si
487 2208 642 2294 fecerit4),
660 2213 781 2276 nullius
799 2213 847 2277 rei
865 2235 885 2277 a
904 2232 938 2277 se
952 2213 1116 2298 repulsam
1134 2214 1284 2278 laturum.
1307 2214 1391 2278 Pau·

180 2319 196 2367 6
216 2300 325 2365 sanias
344 2299 477 2384 cognita
494 2300 581 2385 regis
601 2301 771 2365 voluntate
790 2301 928 2365 alacrior
946 2301 987 2365 ad
1005 2323 1074 2366 rem
1092 2302 1265 2386 gerendam
1283 2302 1390 2367 factus

214 2390 250 2453 in
278 2388 496 2472 suspicionem
524 2388 640 2454 cecidit
667 2389 1004 2455 Lacedaemoniorum.
1049 2389 1235 2455 Accedebat
1266 2390 1390 2475 eodem,

215 2482 251 2543 ut
274 2478 391 2542 elatius
415 2498 451 2542 se
474 2499 591 2563 gerens
610 2477 734 2543 aditum
757 2478 944 2562 petentibus
963 2479 1177 2544 conveniundi
1199 2500 1265 2544 non
1290 2479 1391 2562 dmet,

215 2567 352 2651 superbe
375 2566 598 2650 responderet,
622 2567 795 2633 crudeliter
817 2568 1001 2651 imperaret.
1048 2567 1189 2633 Domum
1211 2571 1390 2648 revocatur,

215 2658 385 2721 accusatus
409 2655 527 2739 capitis
547 2655 738 2739 absolvitur,
761 2657 919 2721 multatur
936 2660 1046 2721 tamen
1068 2657 1206 2741 pecunia
1223 2678 1327 2741 neque
1346 2655 1388 2720 ad

214 2744 351 2809 classem
367 2745 425 2806 est
447 2743 613 2807 remissus.

180 2848 194 2896 1
302 2829 360 2895 III.
383 2828 429 2893 At
450 2829 507 2893 ille
530 2832 607 2912 post
628 2851 695 2895 non
718 2831 824 2896 multo
848 2854 907 2896 sua
930 2836 1046 2915 sponte
1068 2833 1216 2914 privatus
1240 2831 1281 2895 ad
1300 2852 1389 2895 exer·

214 2919 314 2983 citum
337 2917 434 2982 rediit
457 2921 491 2982 et
512 2917 560 2982 ibi
578 2938 647 2981 non
669 2915 833 3002 callida5),
857 2918 912 2982 sed
931 2918 1072 2982 dementi
1094 2919 1223 2983 ratione
1242 2918 1390 2999 cogitata

213 3007 382 3092 patefecit:
406 3027 512 3070 mores
532 3007 617 3071 enim
642 3005 767 3090 patrios
786 3010 884 3089 atque
908 3006 1007 3071 etiam
1026 3007 1147 3071 cultum
1170 3004 1389 3090 vestitumque

178 3094 362 3163 amutavit.
408 3097 578 3177 Apparatu
610 3095 702 3179 regio
733 3095 900 3174 utebatur,
931 3097 1021 3159 veste
1052 3093 1192 3160 Medica:
1229 3094 1389 3160 satellites

212 3180 332 3266 Medil)
361 3186 394 3248 et
420 3182 578 3267 Aegyptii
610 3182 840 3266 sequebantur:
869 3183 1065 3267 epulabatur
1096 3204 1186 3248 more
1212 3180 1388 3248 Persarum

176 3293 192 3341 s
211 3271 419 3355 luxuriosius,
443 3293 540 3356 quam
559 3271 615 3355 qui
639 3270 773 3337 aderant
790 3271 918 3357 perpeti
940 3274 1083 3356 possent.
1113 3271 1265 3357 Spartam
1283 3271 1386 3336 redire

214 3361 362 3426 nolebat:
394 3358 549 3441 Solonas,
582 3359 637 3444 qui
668 3359 758 3425 locus
790 3360 825 3424 in
853 3381 932 3445 agro
960 3357 1118 3445 Troadell
1151 3364 1215 3439 est,
1246 3381 1281 3424 se
1314 3381 1387 3425 oon-

213 3451 346 3515 tulerat:
373 3448 420 3515 ibi
447 3446 587 3514 consilia
610 3469 682 3513 cum
710 3449 835 3532 patriae
868 3453 938 3513 tum
968 3451 1031 3514 sibi
1062 3449 1199 3514 inimica
1226 3448 1386 3532 capiebat.

252 3642 273 3711 ¹)
309 3640 385 3710 Ergo
420 3641 451 3697 in
482 3640 574 3696 dieser
609 3639 776 3710 Bedeutung
830 3639 988 3711 derholung
1001 3638 1279 3711 desVerbalbegtiffs
1293 3656 1329 3694 ne
1343 3640 1388 3694 eui

215 3716 372 3783 („wegen“)
385 3713 424 3767 ist
437 3714 501 3768 dem
513 3709 698 3767 Kanzleistile
716 3716 776 3766 ent·
828 3713 870 3767 rei
887 3715 987 3781 pareat
1005 3713 1042 3767 ad
1060 3715 1127 3782 ete,
1145 3709 1199 3766 wie
1218 3709 1298 3765 Eum.
1313 3710 1347 3779 II,
1362 3714 1387 3766 ὅ.

213 3800 354 3839 nommen.
867 3783 888 3851 ⁶)
908 3783 942 3837 D.
951 3783 979 3838 h.
994 3784 1074 3837 nicht
1088 3799 1128 3849 so,
1147 3780 1209 3836 dass
1225 3799 1254 3836 er
1268 3780 1386 3836 unmah-

252 3854 274 3922 3>
299 3852 337 3906 Er
356 3852 482 3908 sehickte
505 3852 556 3908 ihn
574 3853 617 3908 als
636 3852 775 3923 Satrapen
828 3852 887 3908 lich
909 3853 1012 3908 undere
1035 3869 1072 3907 an
1095 3852 1156 3908 sich
1173 3850 1308 3922 gelesselt
1329 3852 1386 3905 und

215 3925 287 3980 nach
309 3922 486 3993 Dascylium,
509 3941 557 3978 um
582 3939 638 3979 von
661 3925 697 3978 da
724 3941 774 3978 aus
827 3922 859 3978 in
872 3924 948 3979 scine
962 3925 1049 3979 Plane
1064 3923 1286 3993 hineingszogeu
1299 3921 1386 3977 hatte.

216 3996 261 4051 die
279 3995 550 4065 Unterhandlungen
568 3995 622 4049 mit
639 3993 722 4049 Pacs.
740 4013 774 4048 zu
827 3995 866 4048 Er
880 3994 1028 4050 entdeclrte
1043 3995 1103 4050 sich
1117 3993 1253 4049 vielmehr
1267 4010 1301 4047 zu
1313 3992 1386 4062 frdh,

214 4066 322 4122 fabren.
359 4065 491 4120 Derselbe
514 4067 594 4120 hatte
614 4065 696 4121 einen
713 4064 774 4119 'Peil
829 4082 860 4119 so
880 4065 942 4120 dass
965 4065 1040 4120 diese
1062 4066 1136 4121 noch
1154 4062 1320 4133 rechtzeitig
1341 4081 1385 4117 zu-

216 4134 775 4207 despersisehenHeeresinderSchlaoht
827 4136 991 4192 ruektreten
1009 4137 1143 4192 konnten.

215 4209 263 4265 bei
280 4208 382 4264 Platae
400 4208 531 4277 geroltet.
866 4206 888 4276 ⁰)
907 4206 1004 4264 Meder
1021 4207 1060 4263 ist
1076 4208 1138 4263 hier
1153 4207 1202 4262 der
1220 4203 1386 4275 allgemeiue

252 4282 274 4348 ⁴)
304 4279 391 4333 Nicht
416 4279 462 4334 ftr
489 4277 625 4346 effecerit,
653 4276 776 4332 sordem
827 4278 918 4333 Name
936 4280 982 4333 fiir
999 4280 1106 4334 Perser.

214 4350 461 4421 nnbestimmtere,
479 4349 678 4420 allgemeiuere
699 4349 775 4404 Wie·
868 4347 1257 4419 ⁷)Appositionsverhaltnis.
