3028 4908
528 203 601 259 xrv.
631 204 820 283 serame„
835 210 861 260 a.
880 211 906 263 a
1260 208 1305 273 as

129 365 280 431 desertus
299 369 393 449 esset,
411 365 515 431 nihilo
535 367 636 432 setius
654 369 872 451 perseveravit
889 368 1198 454 virumqueThuym
1218 371 1305 457 cepit

129 477 204 520 cum
226 476 327 520 uxore
351 459 383 519 et
404 454 527 520 liberis.

221 542 282 608 III.
310 541 410 608 Cuius
433 542 513 607 facti
535 565 577 608 ne
599 544 688 626 prius
711 543 800 610 fama
823 545 864 610 ad
887 566 995 631 regem
1020 568 1116 630 quam
1139 546 1210 632 ipse
1233 566 1338 631 per-1

130 633 271 713 veniret,
299 631 387 697 dedit
414 652 555 715 operam.
598 630 713 716 Itaque
746 634 895 698 omnibus
928 635 1038 699 insciis
1066 657 1118 718 eo,
1150 636 1206 701 ubi
1234 640 1304 701 erat

128 743 201 806 rex,
230 720 319 785 venit
344 723 541 805 posteroque
570 720 621 784 die
645 719 788 805 Thnym,
814 722 978 787 hominem
1003 724 1136 789 maximi
1159 726 1303 808 corporis

128 809 333 893 terribilique
360 809 458 894 facie,
490 808 575 894 quod
608 812 641 873 et
667 810 762 896 niger
794 815 826 874 et
855 812 973 895 capillo
1005 813 1106 899 longo
1138 813 1303 899 barbaque

130 901 202 963 erat
224 898 395 982 promissa,
419 898 543 982 optima
566 902 655 963 veste
675 898 767 985 texit,
789 921 887 983 quam
911 907 1062 985 satrapae
1084 903 1167 987 regii
1191 922 1303 987 gerere

129 990 337 1069 consuerant,
360 987 488 1051 ornarit
511 986 610 1051 etiam
632 990 748 1072 torque
772 993 869 1072 atque
892 989 1029 1054 armillis
1052 990 1159 1055 aureis
1183 994 1304 1056 cetero·

129 1086 192 1160 que
210 1076 302 1159 regio
322 1076 421 1157 cultu,
439 1075 508 1158 ipse
528 1077 649 1161 agresti
666 1076 788 1159 duplici
808 1078 946 1143 amiculo
966 1078 1184 1144 circumdatus
1203 1079 1303 1145 hirta·
1322 1097 1337 1144 a

130 1185 193 1249 que
216 1165 337 1247 tunica,
361 1184 478 1248 gerens
501 1164 536 1227 in
559 1165 666 1249 capite
689 1165 815 1247 galeam
833 1166 1045 1252 venatoriam,
1068 1167 1181 1232 derna
1203 1190 1303 1233 manu

130 1254 269 1337 clavam,
282 1252 415 1317 sinistra
434 1252 595 1337 copulam,
609 1274 673 1337 qua
686 1254 829 1318 vinctum
848 1259 921 1319 ante
941 1276 974 1319 se
988 1254 1156 1340 Thuynem
1176 1257 1303 1341 agebat,

130 1344 169 1406 ut
192 1342 220 1405 si
242 1341 346 1406 feram
368 1340 508 1406 bestiam
531 1345 660 1424 captam
687 1341 826 1407 duceret.
871 1342 973 1419 Quem
996 1365 1069 1408 cum
1093 1366 1205 1409 omnes
1228 1362 1337 1410 con-a

132 1426 325 1514 spicerent⁹)
349 1435 483 1514 propter
504 1429 683 1495 novitatem
707 1434 840 1495 ornatus
861 1431 1075 1516 ignotamque
1099 1433 1237 1498 formam
1261 1434 1303 1498 ob

130 1540 268 1603 eamque
291 1540 362 1583 rem
382 1538 520 1603 magnus
544 1524 631 1584 esset
649 1540 834 1604 concursus,
856 1520 921 1585 fuit
937 1542 1109 1605 nonnemo,
1128 1523 1183 1605 qui
1203 1542 1302 1608 agno·

130 1612 237 1672 sceret
254 1607 382 1691 Thuym
401 1608 536 1692 regique
554 1608 729 1672 nuntiaret.
766 1606 799 1673 Is
817 1609 924 1692 primo
949 1631 1013 1674 non
1033 1609 1220 1675 accredidit:
1243 1611 1303 1675 ita·
1322 1625 1339 1674 4

131 1716 193 1779 que
212 1696 303 1761 misit
321 1697 462 1781 aliquem
481 1696 694 1779 exploratum.
727 1695 837 1780 Aquo
857 1702 893 1762 ut
910 1720 979 1762 rem
994 1702 1119 1783 gestam
1138 1699 1303 1782 comperit,

132 1785 246 1849 statim
270 1783 400 1849 admitti
418 1785 512 1849 illum
530 1784 635 1867 iussit,
658 1805 777 1868 magno
802 1808 899 1870 opere
923 1787 1099 1852 delectatus
1124 1809 1198 1853 cum
1215 1787 1303 1854 facto

7 1952 8 1967 ,
129 1875 201 1937 tum
221 1877 349 1956 ornatu,
369 1874 403 1938 in
417 1874 531 1957 primis
546 1871 632 1958 quod
650 1874 770 1939 nobilis
785 1896 841 1939 rex
859 1876 1043 1960 inopinanti
1056 1877 1091 1940 in
1104 1879 1303 1960 potestatem

129 1967 272 2028 venerat.
323 1960 437 2047 Itaque
464 1962 635 2047 magnifice
662 1959 835 2028 Datamem
868 1965 1025 2047 donatum
1053 1966 1092 2029 ad
1126 1966 1337 2031 exercitumt

129 2051 238 2134 misit,
271 2051 326 2134 qui
358 2055 428 2115 tum
465 2051 718 2116 contrahebatur
749 2052 827 2116 duce
860 2053 1070 2119 Pharnabazo
1109 2054 1150 2119 ad
1182 2055 1301 2119 bellum

7 2148 9 2193 Ὺ
128 2137 390 2227 Aegyptinm¹⁰),
413 2140 547 2224 parique
570 2162 643 2204 eum
666 2142 801 2224 imperio
825 2162 897 2205 esse
920 2142 1025 2207 iussit.

218 2226 274 2292 IV.
307 2225 369 2292 Sed
397 2229 442 2311 ei,
474 2250 545 2293 cum
573 2227 715 2293 maximo
749 2229 857 2294 studio
890 2234 1094 2313 compararet
1127 2232 1335 2296 exercitumr

128 2315 381 2401 Aegyptumque
407 2316 567 2400 proficisci
594 2322 738 2401 pararet,
771 2318 880 2383 subito
911 2341 931 2382 a
958 2340 1034 2404 rege
1066 2318 1194 2383 litterae
1227 2324 1302 2384 sunt

129 2405 264 2488 missae,
286 2410 324 2470 ut
346 2405 462 2490 Aspim
485 2406 723 2491 aggrederetur,
747 2407 802 2489 qui
825 2404 1017 2471 Cataoniam
1040 2408 1185 2471 tenebat:
1218 2429 1301 2491 quae
1362 2431 1368 2437 ·

129 2515 209 2578 gens
241 2495 327 2559 iacet
363 2516 462 2579 supra
493 2492 657 2573 Ciliciam,
689 2496 825 2560 confinis
859 2493 1093 2579 Cappadociae.
1151 2493 1334 2580 Namquea

130 2582 239 2668 Aspis,
263 2584 441 2648 saltuosam
459 2585 625 2667 regionem
648 2583 855 2668 castellisque
877 2586 1038 2649 munitam
1056 2583 1211 2668 incolens,
1233 2606 1300 2648 non

129 2672 238 2736 solum
256 2672 393 2755 imperio
411 2672 499 2758 regis
522 2694 591 2736 non
608 2671 755 2755 parebat,
779 2673 834 2737 sed
853 2673 953 2737 etiam
971 2671 1129 2737 finitimas
1150 2672 1300 2756 regiones

127 2760 269 2825 vexabat
292 2764 426 2844 atquae
448 2761 518 2845 regi
541 2758 795 2844 portarenturss)
819 2760 1009 2845 abripiebat.
1050 2761 1216 2846 Datames,
1238 2760 1335 2826 etsie

128 2849 229 2932 longe
253 2850 366 2913 aberat
389 2850 430 2913 ab
452 2848 505 2913 his
529 2849 716 2934 regionibus
740 2853 773 2912 et
795 2871 815 2913 a
837 2851 959 2915 maiore
982 2873 1018 2915 re
1042 2851 1301 2934 abstrahebatur,

128 2940 242 3002 tamen
263 2939 350 3022 regis
374 2938 536 3003 voluntati
559 2960 683 3003 morem
707 2939 884 3021 gerendum
908 2940 1045 3023 putavit.
1090 2939 1204 3023 ltaque
1228 2961 1301 3004 cum

128 3027 252 3111 paucis,
270 3027 325 3091 sed
344 3027 423 3091 viris
437 3026 579 3091 fortibus
597 3048 713 3091 navem
733 3028 928 3110 conscendit,
946 3028 1144 3104 existimans,
1163 3027 1197 3092 id
1216 3026 1301 3113 quod

127 3115 255 3198 accidit,
272 3114 399 3180 facilius
414 3136 448 3180 se
466 3115 705 3197 imprudentem
720 3138 822 3200 parva
840 3139 938 3181 manu
958 3138 1189 3201 oppressurum
1203 3139 1300 3199 quam

126 3207 281 3287 paratum
309 3204 458 3288 quamvis
486 3225 606 3289 magno
635 3205 785 3268 exercitu.
831 3204 968 3271 Delatus
997 3207 1033 3270 in
1056 3203 1203 3271 Oiliciam
1227 3221 1335 3270 cumr

127 3313 279 3378 egressus
313 3297 409 3376 esset,
442 3293 510 3357 dies'
542 3296 716 3376 noctesque
748 3293 813 3357 iter
843 3293 964 3360 faciens
995 3293 1137 3359 Taurum
1169 3295 1301 3358 transiit

128 3402 246 3465 eoque,
274 3402 337 3464 quo
362 3381 542 3463 studuerat,
565 3381 663 3446 venit.
708 3379 852 3465 Quaerit,
877 3384 994 3466 quibus
1017 3383 1096 3447 locis
1121 3383 1164 3446 sit
1187 3381 1300 3466 Aspis:

127 3470 300 3554 cognoscit
335 3469 422 3534 haud
458 3469 558 3554 longe
597 3470 712 3534 abesse
747 3470 993 3556 profectumque
1030 3493 1102 3535 eum
1138 3473 1299 3536 venatum

125 3556 215 3632 Quae
240 3558 314 3623 dum
335 3559 529 3644 speculatur,
554 3557 710 3623 adventus
735 3560 803 3623 eius
823 3580 921 3624 causa
944 3559 1158 3644 cognoscitur.
1201 3556 1299 3643 Aspis

8 3662 10 3679 ·
127 3668 201 3711 curn
224 3646 274 3731 iis,
297 3668 377 3732 quos
402 3669 509 3712 secum
526 3646 681 3729 habebat,
703 3647 742 3712 ad
761 3648 974 3713 resistendum
993 3648 1102 3713 omnia
1120 3651 1298 3731 comparat.

163 3801 185 3872 9)
207 3802 237 3856 ln
264 3801 357 3858 dieser
382 3803 550 3873 Bedeutung
576 3803 686 3859 kommt
739 3802 813 3857 baim
849 3803 1010 3873 persischen
1043 3803 1132 3859 Heere
1170 3820 1298 3875 gewesen

125 3874 205 3928 sonet
218 3874 388 3944 wenigstens
403 3875 453 3928 das
469 3874 685 3943 Passivumror,
738 3878 826 3942 utre,
854 3875 934 3930 httte
960 3873 1092 3930 Datames
1119 3875 1165 3930 bei
1195 3875 1299 3930 seinem

122 3944 171 4000 bei
189 3942 285 4015 Nepos
303 3945 388 4000 Attio.
407 3945 481 4012 XIII,
500 3950 525 4000 t.
738 3946 875 4016 Abgange
889 3947 968 4001 nicht
982 3946 1045 4000 dem
1055 3946 1230 4003 Mandrocles
1244 3947 1299 4001 den
1418 4010 1423 4024 Ι

164 4015 197 4083 ¹⁰)
216 4015 254 4069 Es
281 4016 319 4070 ist
343 4017 394 4070 das
420 4015 466 4070 die
488 4014 591 4086 Iphicr.
610 4016 686 4085 11‚4
740 4015 907 4072 Oberbefehl
924 4017 1102 4088 fibertragen.

12 4060 15 4063 Ι
125 4087 269 4141 erwthnte
291 4087 423 4156 Rttstung
444 4087 532 4156 (siche
555 4088 619 4142 dort
640 4086 686 4141 die

124 4155 227 4225 Anna).
246 4157 316 4212 Was
330 4156 391 4212 hier
400 4157 494 4228 Nepos
508 4157 538 4213 in
551 4157 685 4213 lalscbem
778 4157 811 4227 ¹¹)
830 4158 887 4214 Der
899 4158 981 4231 Konj.
1000 4158 1166 4215 bezeichnet
1180 4158 1233 4212 den
1246 4157 1298 4213 Be·

123 4227 383 4298 Zusammenhange
397 4228 513 4296 erathlt
526 4228 599 4283 musa
612 4228 686 4283 nach
775 4227 781 4240 '
816 4229 847 4284 in
861 4228 952 4286 seiner
964 4228 1193 4301 Allgemeinheit,
1207 4228 1298 4283 nichts

124 4296 159 4364 V,
180 4306 195 4354 6
213 4300 288 4354 noch
305 4298 345 4353 im
358 4298 443 4354 Jahre
459 4305 510 4355 378
527 4301 686 4369 geschehen
763 4302 932 4371 estimmtes,
957 4301 1110 4358 Einaelnes.
1156 4303 1236 4355 Anm.
1265 4318 1299 4354 au

9 4382 11 4439 J
125 4370 193 4425 sein.
227 4370 309 4425 Denn
327 4389 408 4428 wenn
425 4370 579 4442 Iphicrates
599 4372 685 4426 schon
737 4370 916 4441 Alcib.1,a.
