3028 4908
211 229 254 294 66
618 227 718 284 XVIII.
745 227 927 283 EUMENES.
952 234 976 283 6,
999 280 1001 283 .

178 407 195 456 2
214 391 418 477 frangebant,
436 394 548 456 tamen
567 391 765 456 minuebant.
806 389 920 473 ltaque
938 411 1011 454 eum
1029 411 1227 475 persequens
1248 393 1290 471 [a.
1304 391 1387 473 320]

213 475 459 565 Antigonus¹⁰),
487 501 560 543 cum
583 480 671 544 omni
692 499 809 563 genere
832 479 999 561 copiarum
1018 479 1207 562 abundaret,
1230 500 1330 564 saepe
1351 481 1389 544 in

213 568 387 633 itineribus
405 567 591 652 vexabatur,
613 589 717 652 neque
740 587 894 650 umquam
917 566 957 630 ad
980 588 1112 644 manum
1135 567 1288 632 accedere
1310 567 1388 633 lice-

178 657 273 722 abat
295 657 360 721 nisi
383 655 423 720 iis
446 655 540 736 locis,
564 655 681 740 quibus
704 654 798 739 pauci
823 654 934 718 multis
957 658 1092 739 possent
1114 657 1277 720 resistere.
1323 653 1389 721 Sed

214 749 358 809 extremo
373 743 701 827 temporellumenes,
716 763 787 808 cum
803 741 939 808 consilio
955 743 1025 826 capi
1040 764 1105 808 non
1115 747 1235 828 posset,
1252 745 1293 824 [a.
1303 744 1386 826 319]

213 831 422 897 multitudine
445 832 681 897 circumventus
705 834 764 895 est
793 829 886 900 Hinc
904 834 1014 895 tamen
1032 832 1144 895 multis
1166 832 1234 897 suis
1253 832 1387 897 arnissis

212 941 247 984 se
271 918 435 1003 expedivit
457 921 547 984 etin
569 920 738 985 castellum
762 913 996 1003 Cappadociae,
1018 919 1103 1003 quod
1126 918 1218 984 Nora
1241 922 1387 1005 appella·

175 1013 278 1092 stur,
307 1007 463 1092 confugit.
508 1007 548 1072 In
578 1029 642 1092 quo
675 1029 748 1072 cum
782 1007 1013 1072 clrcumsessus
1040 1013 1216 1091 vereretur,
1246 1029 1288 1072 ne
1319 1031 1389 1073 uno

211 1097 284 1161 loco
306 1117 441 1160 manens
462 1117 560 1180 equos
583 1095 741 1161 militares
759 1095 921 1179 perderet,
940 1095 1025 1179 quod
1049 1098 1192 1179 spatium
1215 1116 1281 1160 non
1300 1101 1390 1161 esset

212 1183 373 1269 agitandi,
405 1184 558 1249 callidum
585 1183 648 1248 fuit
676 1184 745 1249 eius
774 1182 957 1266 inventum,
990 1183 1260 1268 quemadmodum
1293 1188 1389 1250 stans

211 1273 393 1338 iumentum
417 1272 619 1337 concalefreri
642 1268 848 1355 exercerique
870 1275 995 1356 posset,
1023 1275 1061 1336 nt
1082 1293 1102 1337 a
1125 1272 1271 1355 corporis
1295 1277 1390 1338 motu

176 1376 278 1426 onon
309 1365 471 1425 remotum
504 1361 602 1425 etiam
633 1360 705 1425 cibo
736 1359 894 1424 libentius
926 1362 1079 1425 uteretur.
1134 1357 1391 1446 Substringebat

212 1452 311 1533 capnt
333 1449 405 1514 loro
436 1448 549 1528 altius,
581 1470 678 1534 quarn
709 1450 748 1512 ut
776 1447 939 1532 prioribus
970 1448 1107 1531 pedibus
1135 1449 1232 1531 plane
1264 1452 1390 1514 terram

211 1541 324 1621 posset
353 1537 528 1622 attingere,
557 1536 670 1601 deinde
697 1533 817 1621 post¹¹)
845 1535 1032 1600 verberibus
1061 1537 1197 1621 cogebat
1225 1537 1390 1602 exsultare

212 1629 245 1690 et
267 1626 371 1690 calces
394 1626 571 1690 remittere:
594 1625 649 1709 qui
669 1627 778 1689 motus
801 1646 867 1689 non
889 1623 996 1688 minus
1021 1624 1171 1689 sudorem
1195 1624 1390 1710 excutiebat,

176 1729 193 1778 e
212 1735 309 1798 quam
328 1714 357 1779 si
376 1714 411 1777 in
430 1713 537 1796 spatio
556 1714 788 1778 decurreretur.
826 1710 897 1786 Quo
916 1712 1038 1776 factum
1057 1713 1216 1797 estquod
1235 1713 1389 1778 omnibus

211 1801 360 1866 mirabile
389 1805 439 1865 est
468 1801 590 1883 visum,
616 1803 667 1881 ut,
697 1820 771 1863 cum
793 1800 977 1883 complures
999 1822 1127 1866 menses
1155 1801 1190 1864 in
1218 1800 1390 1867 obsidione

210 1889 340 1972 fuisset,
369 1908 471 1971 aeque
498 1889 643 1952 iumenta
671 1887 776 1952 nitida
805 1909 843 1952 ex
872 1887 1005 1953 castello
1035 1889 1196 1972 educeret,
1228 1910 1267 1954 ac
1296 1890 1324 1954 si
1351 1890 1390 1954 in

176 1976 447 2059 roampestribus
471 1997 510 2040 ea
527 1974 609 2040 locis
633 1976 812 2042 habuisset
848 1975 911 2042 Sed
933 1977 968 2041 in
990 1977 1048 2041 illa
1071 1978 1287 2060 conclusione,
1310 1999 1389 2062 quo·

211 2064 432 2147 tienscumque
460 2065 578 2147 voluit,
611 2068 804 2149 apparatum
831 2068 865 2129 et
893 2064 1089 2131 munitiones
1116 2064 1278 2148 Antigoni
1305 2065 1390 2131 alias

211 2152 362 2235 incendit,
389 2152 469 2217 alias
493 2152 628 2217 disiecit.
676 2152 795 2218 Tenuit
825 2156 934 2218 autem
957 2175 991 2217 se
1014 2174 1079 2218 uno
1103 2154 1174 2219 loco
1198 2175 1256 2237 per
1279 2157 1389 2219 totum

211 2261 331 2306 annum
355 2245 389 2306 et
412 2263 508 2325 quam
532 2240 586 2305 diu
608 2240 715 2306 hiems
738 2240 815 2318 fuis,
843 2240 929 2326 quod
953 2245 1060 2306 castra
1084 2242 1144 2306 snb
1167 2242 1242 2306 divo
1264 2240 1390 2306 habere

210 2328 575 2519 tttstlt¹²tntl¹
594 2329 1007 2520 ttttttttfflttttt:
1027 2330 1201 2502 ,ttttt
1225 2331 1389 2503 ltili

177 2509 367 2658 1¹mp⁰t¹¹1l
381 2502 1211 2681 ttttttt235⁸rttttt‘tttttltztlg
1238 2615 1311 2659 aem
1334 2595 1389 2659 a.

210 2685 298 2747 teras
326 2686 360 2746 et
386 2683 518 2746 nuntios
546 2682 689 2747 misisset
716 2683 751 2746 in
775 2683 890 2767 Asiam
919 2683 1135 2767 repetitumne
1162 2682 1388 2748 Macedoniam

209 2771 334 2834 veniret
355 2766 445 2855 (nam
469 2773 539 2834 tum
562 2771 597 2835 in
620 2771 722 2854 Epiro
746 2767 935 2857 habitabat)
960 2774 993 2834 et
1013 2791 1122 2835 rerum
1144 2771 1191 2835 ibi
1215 2770 1390 2855 potiretur,

175 2857 266 2922 cille
302 2857 442 2940 primum
480 2858 597 2939 suasit,
632 2879 673 2921 ne
710 2879 744 2921 se
781 2860 928 2922 moveret
960 2863 993 2924 et
1025 2862 1241 2943 exspectaret,
1278 2860 1388 2943 quoad

213 2944 388 3010 Alexandri
420 2944 507 3009 filius
540 2965 677 3031 regnum
709 2945 954 3028 adipisceretur:
986 2946 1038 3012 sin
1069 2947 1180 3031 aliqua
1209 2947 1388 3030 cupidItate

192 3036 380 3116 ,raperetur
406 3033 442 3096 in
469 3031 707 3119 Macedoniam,
737 3035 882 3099 omnium
914 3034 1106 3100 iniuriarum
1138 3035 1243 3100 oblita
1268 3036 1305 3099 in
1331 3049 1388 3100 ne-

175 3123 332 3190 cminem
357 3120 521 3186 acerbiore
548 3124 693 3186 uteretur
720 3122 866 3206 imperio.
911 3122 1038 3188 Horum
1067 3127 1219 3189 neutrum
1242 3125 1284 3204 [a.
1303 3125 1386 3206 317]

210 3209 270 3274 illa
291 3208 381 3274 fecit:
404 3230 481 3274 narn
504 3210 593 3274 etin
615 3208 842 3276 Macedoniam
865 3211 1011 3295 profecta
1034 3216 1084 3277 est
1108 3216 1141 3277 et
1163 3211 1388 3277 crudelissime

210 3298 257 3362 ibi
280 3318 315 3362 se
338 3299 449 3397 gessit.
494 3297 594 3362 Petiit
616 3301 726 3364 autem
750 3299 792 3364 ab
818 3298 963 3365 Eumene
987 3300 1131 3385 absente,
1153 3322 1194 3365 ne
1217 3303 1388 3384 pateretur

249 3453 282 3522 ¹⁰)
300 3453 399 3508 Dieser
416 3455 496 3509 hatte
515 3453 570 3507 den
582 3452 652 3508 Auft
720 3455 769 3509 be·
824 3454 900 3510 wohl
915 3454 1024 3521 ursata,
1039 3455 1102 3510 dass
1114 3454 1274 3525 Antigonus
1288 3455 1387 3510 diesen

209 3523 350 3593 hommen,
369 3525 415 3579 die
427 3523 598 3580 Reichsacht
615 3540 652 3606 an
693 3541 770 3580 ume-
823 3523 878 3578 Eid
900 3525 946 3580 fur
968 3526 1049 3581 nicht
1074 3528 1223 3597 geuugend
1252 3528 1386 3582 erachten

209 3611 316 3747 idhehu
327 3595 770 3737 AiriiiiigedirinVldiderlisibnuii
824 3596 1082 3749 vlllff'llelnavvischen
1095 3666 1175 3722 hatte
1189 3665 1314 3722 ntmlich
1328 3668 1386 3750 An·

210 3736 369 3791 entrerssen.
822 3740 929 3806 trpater
950 3737 998 3791 ber
1020 3753 1126 3792 semem
1143 3736 1219 3794 'l'ode
1238 3741 1314 3808 (319)
1338 3739 1386 3794 dre

248 3805 281 3874 ¹¹)
295 3805 415 3862 Adverb.
430 3806 496 3876 loci,
510 3805 769 3862 hieralshttribut
822 3806 1027 3877 Regentschalt
1075 3808 1139 3862 dem
1188 3808 1387 3878 Polyperchon

248 3874 282 3945 ¹¹)
301 3877 458 3947 Antigonus
474 3878 573 3933 leitete
590 3876 636 3932 dle
651 3877 768 3947 Belage·
822 3879 999 3948 fibertragen.
1034 3876 1197 3947 Antipaters
1222 3878 1299 3933 Sohn
1318 3878 1385 3934 Cas·

209 3944 770 4073 tttttttlttdtnttcltt
823 3947 1385 4076 attathltssntttctt

210 4090 260 4144 der
282 4105 312 4144 er
334 4087 461 4157 augleich
486 4089 536 4143 der
553 4060 769 4158 Konigslaniilis
823 4104 853 4144 er
876 4089 936 4144 sich
958 4089 1013 4144 mit
1028 4088 1187 4160 Antigonus
1200 4038 1268 4145 grrird
1290 4089 1385 4146 Ptole-

210 4160 240 4214 in
258 4158 443 4214 Macedonian
460 4157 549 4214 'Irene
572 4159 693 4228 gelobte.
730 4159 770 4213 Zu
823 4165 912 4216 mtus.
948 4160 1046 4231 Gegen
1067 4159 1163 4216 diesen
1181 4160 1262 4214 Bund
1286 4160 1385 4216 suchte

211 4229 302 4284 dieser
320 4230 424 4285 mulste
442 4231 501 4285 erst
518 4231 563 4284 die
575 4230 769 4299 Zustimmung
823 4231 1018 4302 Polyperchon
1036 4229 1099 4286 eine
1113 4232 1209 4286 Stfitae
1222 4231 1253 4285 in
1263 4230 1384 4287 Alexan·

210 4302 259 4357 des
285 4300 443 4370 Antigonus
476 4299 620 4370 eingeholt
648 4301 768 4355 werden.
823 4302 886 4358 ders
905 4302 1011 4357 Mutter
1034 4301 1092 4356 und
1114 4302 1163 4357 lud
1187 4301 1313 4357 dieselbe
1339 4303 1386 4359 eiu

210 4370 348 4426 Unterdes
366 4371 488 4427 entwich
505 4371 658 4442 Eumenes,
685 4372 722 4426 da
739 4386 770 4425 er
822 4374 894 4428 nach
913 4371 1097 4428 Macedonico
1114 4392 1148 4428 ru
1165 4374 1307 4429 konnen
