3028 4908
211 261 254 329 ‘10
413 261 515 317 XVIIL
541 259 725 316 EUEENES.
746 267 789 316 13.
808 293 841 303 -
860 260 934 316 xlx.
961 257 1133 316 PHOOION.
1153 266 1177 316 1.

208 427 244 491 in
272 448 336 510 quo
364 447 429 491 uno
457 426 585 489 tantum
614 427 716 508 esset,
743 426 792 508 ut,
820 423 926 508 quoad
949 422 1006 487 ille
1029 423 1161 506 viveret,
1187 423 1252 506 ipsi
1281 423 1389 488 securi

209 535 279 580 esse
310 536 378 581 non
413 515 560 598 possent,
596 511 767 577 interfecto
804 511 888 577 nihil
924 510 1068 576 habituri
1103 512 1229 596 negotii
1268 515 1388 577 essent.

208 603 378 668 Postremo
406 602 434 667 si
461 601 510 665 illi
536 599 684 665 redderet
706 602 859 682 salutem,
888 599 1102 684 quaerebant,
1125 599 1242 683 quihus
1272 600 1388 665 amicis

209 694 296 756 esset
318 712 448 756 usurus:
476 710 547 753 sese
570 688 657 753 enim
685 710 758 754 curn
780 688 925 753 Eumene
949 687 1033 772 apud
1062 708 1136 752 eum
1159 709 1227 753 non
1248 687 1388 753 futuros.

172 779 268 845 allle
287 780 420 864 cognita
442 776 571 842 consilii
590 777 759 842 voluntate
781 780 890 841 tamen
915 775 1077 861 usquead
1100 777 1276 877 septimum
1300 775 1388 841 diem

209 867 494 1040 ithliiffltlsldt
513 864 1389 1037 {stultitialttttlttltttth

209 1042 339 1108 admitti
367 1049 465 1128 atque
494 1043 593 1108 etiam
620 1041 817 1107 cotidianum
845 1042 966 1107 rictum
993 1041 1090 1106 iussit
1117 1042 1276 1106 amoveri:
1307 1062 1388 1106 nam

209 1132 351 1216 negabat
379 1146 413 1196 se
442 1131 472 1196 ei
499 1131 566 1196 rim
593 1130 783 1215 allaturum,
815 1130 868 1195 cui
897 1129 1072 1214 aliquando
1104 1130 1221 1195 fuisset
1254 1129 1387 1207 amicus.

172 1219 334 1285 4Tamen
360 1220 418 1285 ille
445 1240 512 1285 non
540 1219 679 1303 amplius
703 1241 800 1303 quam
828 1218 972 1283 triduum
1000 1217 1087 1283 fame
1110 1218 1282 1302 fatigatus,
1310 1239 1387 1282 cum

209 1311 318 1374 castra
333 1312 549 1394 moverentur,
561 1307 718 1373 insciente
728 1307 897 1392 Antigono
906 1306 1072 1392 iugulatus
1088 1309 1140 1371 est
1153 1329 1173 1370 a
1186 1305 1387 1408 custodibus.

174 1411 189 1460 1
297 1396 386 1462 XIII.
401 1395 475 1499 ‘Sic‘
488 1396 651 1498 Eumenes
675 1417 833 1461 annorum
857 1399 981 1498 septem
1005 1397 1039 1459 et
1061 1394 1292 1496 quadraginta,
1310 1415 1388 1496 cnm

208 1485 249 1549 ab
273 1507 359 1588 anno
377 1506 542 1568 vices1mo,
560 1488 609 1586 uti
628 1506 727 1568 supra
746 1483 958 1566 ostendimus,
972 1488 1098 1567 septem
1113 1505 1216 1548 annos
1230 1482 1387 1567 Phrhppo

208 1577 430 1659 apparmsset,
460 1573 615 1638 tredecim
647 1572 735 1656 apud
762 1571 984 1637 Alexandrum
1016 1571 1153 1637 eundem
1184 1570 1294 1637 locum
1327 1574 1387 1636 ob-

207 1663 375 1746 tinuisset,
401 1663 436 1726 in
462 1662 516 1726 his
543 1682 646 1725 unum
673 1661 818 1745 equitum
846 1661 915 1725 alae
937 1660 1148 1761 praefuisset,
1175 1664 1253 1762 post
1276 1664 1387 1724 autem

209 1748 1386 1922 ltttlntzsstall‘ttpeleutheri-‘llltsltttff*istst

209 1947 276 1991 non
304 1925 463 2011 Antigoni
491 1926 627 2008 virtute,
654 1924 712 1989 sed
740 1925 953 2006 Macedonum
985 1924 1127 2010 periurio
1159 1924 1387 1990 tristissimum

174 2013 326 2079 ahabuit
348 2013 470 2078 exitum
492 2014 588 2079 vitae.
630 2009 722 2099 ΙΝ)
746 2036 810 2097 quo
834 2018 957 2098 quauta
980 2012 1126 2078 omnium
1148 2012 1249 2078 fuerit
1271 2013 1386 2096 opinio

209 2123 330 2186 eorum,
353 2103 409 2186 qui
431 2105 507 2186 post
520 2100 740 2167 Alexandrum
757 2101 916 2188 Magnum
938 2123 1032 2188 reges
1055 2105 1132 2166 sunt
1155 2100 1324 2186 appellati,
1347 2123 1388 2166 ex

208 2191 272 2256 hoc
297 2190 451 2256 facillime
478 2193 588 2276 potest
611 2187 807 2277 iudicari29),
831 2191 917 2274 quod
939 2211 1035 2255 nemo
1058 2189 1206 2255 Eumene
1228 2188 1304 2254 vivo
1327 2210 1386 2254 rex

173 2294 190 2343 e
210 2280 393 2364 appellatus
416 2283 480 2364 est,
507 2279 564 2345 sed
586 2279 783 2363 praefectus,
809 2279 896 2344 idem
919 2300 986 2343 uon
1009 2278 1113 2344 multo
1136 2282 1214 2363 post
1236 2279 1307 2343 eius
1331 2300 1386 2343 oc-

208 2391 317 2472 casum
351 2369 476 2471 regium
507 2370 663 2433 ornatum
691 2388 871 2470 nomenque
900 2371 1114 2468 sumpserunt
1145 2388 1265 2451 neque,
1299 2367 1386 2450 quod

208 2462 305 2522 instro
336 2457 576 2541 praed1carant,
610 2477 644 2521 se
674 2453 852 2520 Alexandr]
885 2452 1042 2541 hber1s³⁰)
1075 2475 1212 2540 regnum
1245 2475 1386 2536 servare,

73 2598 77 2605 .
208 2549 374 2629 praestare
393 2547 565 2611 voluerunt
582 2547 616 2608 et
634 2565 700 2609 uno
718 2547 960 2629 propugnatore
980 2544 1109 2608 sublato
1129 2543 1207 2629 quid
1224 2542 1386 2609 sentirent

209 2638 412 2717 aperuerunt
457 2632 556 2699 Cuius
580 2633 712 2698 sceleris
729 2632 893 2717 principes
911 2631 1044 2698 fuerunt
1058 2631 1255 2715 Antigonus,
1273 2630 1385 2697 Ptole·

173 2737 335 2806 4maeus,
362 2720 529 2805 Seleucus,
556 2719 784 2806 Lysimachus,
816 2718 1006 2786 Cassander.
1051 2720 1175 2786 Verum
1196 2718 1386 2805 Antigonus

208 2809 386 2874 Eumenem
423 2814 586 2875 mortuum
623 2809 734 2873 amicis
775 2810 844 2874 eius
882 2809 1103 2893 sepeliendum
1138 2808 1281 2873 tradidit.
1340 2807 1387 2873 Hi

208 2897 346 2962 honesto
370 2918 444 2962 eum
467 2897 591 2979 funere,
621 2897 797 2962 comitante
821 2899 977 2981 exercitu,
1005 2897 1221 2962 humaverunt
1244 2917 1386 2982 ossaque

208 2986 277 3051 eius
295 2985 330 3050 in
349 2983 588 3070 Cappadociam
612 2983 652 3049 ad
673 2988 813 3049 matrem
836 2988 934 3068 atque
954 3007 1085 3051 uxorem
1104 2985 1289 3068 liberosque
1314 2986 1384 3050 eius

209 3073 410 3158 deportanda
432 3076 595 3140 curarunt.

622 3376 716 3449 xix.
753 3336 1000 3450 escoron(

176 3533 189 3580 1
297 3515 323 3581 Ι.
359 3515 504 3580 Phocion
535 3513 744 3579 Atheniensis
777 3516 839 3579 etsi
877 3536 972 3598 saepe
1010 3513 1204 3578 exercitibus
1241 3513 1388 3596 praefuit

210 3625 417 3688 summosque
435 3603 648 3689 magistratus
672 3602 766 3687 cepit,
785 3606 894 3667 tamen
917 3602 1022 3667 multo
1046 3606 1095 3667 est
1116 3602 1226 3666 notior
1247 3600 1387 3684 integri-

209 3696 277 3757 tate
300 3693 388 3757 vitae
416 3714 513 3776 quam
541 3692 588 3756 rei
619 3691 769 3756 militaris
792 3692 914 3757 labore.
958 3690 1073 3775 Itaque
1102 3690 1199 3754 huius
1227 3691 1388 3755 memoria

211 3784 260 3844 est
284 3780 409 3864 exigua,
430 3781 520 3844 illius
540 3783 648 3845 autem
666 3801 787 3866 magna
805 3779 903 3865 fama,
921 3801 960 3844 ex
980 3800 1043 3862 quo
1062 3777 1255 3862 cognomine
1273 3777 1386 3844 Bonus

175 3872 262 3934 aest
284 3868 476 3951 appellatus.
521 3867 597 3932 Fuit
620 3868 707 3933 enim
729 3871 886 3952 perpetuo
909 3889 1047 3952 pauper,
1070 3888 1144 3932 cum
1165 3869 1300 3950 propter
1323 3867 1386 3931 fre

210 3960 344 4041 quantes
377 3955 501 4020 delatos
532 3956 671 4021 honores
707 3958 950 4041 potestatesque
987 3977 1132 4020 summas
1169 3953 1385 4020 divitissimus

247 4128 282 4232 ζ’)
300 4127 382 4183 Anm.
402 4146 436 4211 au
454 4129 548 4254 Phrpp,
557 4128 607 4198 IV,
624 4135 649 4184 4.
732 4200 738 4213 Ι
822 4128 935 4185 keinem
959 4127 1180 4210 unmIttelbareu
1204 4130 1387 4183 Zusamrnen·

210 4199 770 4352 sensumsensurn
822 4197 1387 4393 insulteturprluur:

210 4339 424 4396 Nachlrommen
441 4342 627 4410 Alexandsrs‚
651 4342 705 4397 wie
723 4341 770 4396 dre
821 4340 887 4412 Vgl.
906 4344 987 4397 Anm.
1007 4358 1041 4395 au
1058 4340 1158 4410 Epam.
1205 4346 1256 4408 ,4.

210 4410 356 4466 Aunahme
371 4412 420 4467 des
434 4411 630 4483 Kouigstitele,
643 4413 725 4467 stand
739 4413 769 4466 iu
860 4411 893 4481 ⁸⁰)
912 4412 995 4467 Anm.
1014 4430 1048 4466 ru
1065 4411 1112 4481 Vl,
1131 4417 1157 4467 8.
