<?xml version="1.0" encoding="UTF-8"?>
<!DOCTYPE html PUBLIC "-//W3C//DTD XHTML 1.0 Transitional//EN"
    "http://www.w3.org/TR/xhtml1/DTD/xhtml1-transitional.dtd">
<html xmlns="http://www.w3.org/1999/xhtml" xml:lang="en" lang="en">
 <head>
  <title>
</title>
<meta http-equiv="Content-Type" content="text/html;charset=utf-8" />
  <meta name='ocr-system' content='tesseract 3.04.00' />
  <meta name='ocr-capabilities' content='ocr_page ocr_carea ocr_par ocr_line ocrx_word'/>
</head>
<body>
  <div class='ocr_page' id='page_1' title='image "./corneliinepotis00ortmgoog_0031.png"; bbox 0 0 3028 4908; ppageno 0'>
   <div class='ocr_carea' id='block_1_1' title="bbox 221 211 1122 276">
    <p class='ocr_par' dir='ltr' id='par_1_1' title="bbox 221 211 1122 276">
     <span class='ocr_line' id='line_1_1' title="bbox 221 211 1122 276; baseline 0.003 -11"><span class='ocrx_word' id='word_1_1' title='bbox 221 212 262 276; x_wconf 87' lang='lat'>18</span> <span class='ocrx_word' id='word_1_2' title='bbox 487 213 519 269; x_wconf 88' lang='lat' dir='ltr'>V.</span> <span class='ocrx_word' id='word_1_3' title='bbox 544 211 668 268; x_wconf 87' lang='lat' dir='ltr'><strong>CIMON.</strong></span> <span class='ocrx_word' id='word_1_4' title='bbox 692 221 718 268; x_wconf 84' lang='lat'>3.</span> <span class='ocrx_word' id='word_1_5' title='bbox 733 221 757 268; x_wconf 88' lang='grc'>4.</span> <span class='ocrx_word' id='word_1_6' title='bbox 798 213 844 268; x_wconf 88' lang='lat' dir='ltr'>VI.</span> <span class='ocrx_word' id='word_1_7' title='bbox 867 211 1073 268; x_wconf 78' lang='lat' dir='ltr'>LYSANDDR.</span> <span class='ocrx_word' id='word_1_8' title='bbox 1099 220 1122 268; x_wconf 90' lang='lat'>1.</span> 
     </span>
    </p>
   </div>
   <div class='ocr_carea' id='block_1_2' title="bbox 123 375 1394 2390">
    <p class='ocr_par' dir='ltr' id='par_1_2' title="bbox 185 375 1394 903">
     <span class='ocr_line' id='line_1_2' title="bbox 185 375 1394 461; baseline 0.001 -19"><span class='ocrx_word' id='word_1_9' title='bbox 185 393 201 442; x_wconf 82' lang='lat'><strong>3</strong></span> <span class='ocrx_word' id='word_1_10' title='bbox 219 380 330 440; x_wconf 90' lang='lat' dir='ltr'>cutum</span> <span class='ocrx_word' id='word_1_11' title='bbox 345 379 403 441; x_wconf 92' lang='lat' dir='ltr'>est.</span> <span class='ocrx_word' id='word_1_12' title='bbox 431 375 546 459; x_wconf 88' lang='lat' dir='ltr'>Itaque</span> <span class='ocrx_word' id='word_1_13' title='bbox 564 380 640 460; x_wconf 90' lang='lat' dir='ltr'>post</span> <span class='ocrx_word' id='word_1_14' title='bbox 659 398 779 440; x_wconf 87' lang='lat' dir='ltr'>anuum</span> <span class='ocrx_word' id='word_1_15' title='bbox 794 376 952 460; x_wconf 89' lang='lat' dir='ltr'>quintum,</span> <span class='ocrx_word' id='word_1_16' title='bbox 971 397 1068 459; x_wconf 88' lang='lat' dir='ltr'>quam</span> <span class='ocrx_word' id='word_1_17' title='bbox 1087 377 1240 461; x_wconf 88' lang='lat' dir='ltr'>expulsus</span> <span class='ocrx_word' id='word_1_18' title='bbox 1261 379 1302 458; x_wconf 91' lang='lat' dir='ltr'>[a.</span> <span class='ocrx_word' id='word_1_19' title='bbox 1310 379 1394 460; x_wconf 85' lang='lat'>458]</span> 
     </span>
     <span class='ocr_line' id='line_1_3' title="bbox 220 463 1394 549; baseline 0.003 -21"><span class='ocrx_word' id='word_1_20' title='bbox 220 468 304 549; x_wconf 90' lang='lat' dir='ltr'>erat,</span> <span class='ocrx_word' id='word_1_21' title='bbox 332 465 366 528; x_wconf 90' lang='lat' dir='ltr'>in</span> <span class='ocrx_word' id='word_1_22' title='bbox 394 465 534 548; x_wconf 87' lang='lat' dir='ltr'>patriam</span> <span class='ocrx_word' id='word_1_23' title='bbox 562 471 732 531; x_wconf 88' lang='lat' dir='ltr'>revocatus</span> <span class='ocrx_word' id='word_1_24' title='bbox 756 468 815 529; x_wconf 87' lang='lat' dir='ltr'>est.</span> <span class='ocrx_word' id='word_1_25' title='bbox 861 463 922 540; x_wconf 82' lang='lat' dir='ltr'>Qui</span> <span class='ocrx_word' id='word_1_26' title='bbox 945 466 1031 548; x_wconf 89' lang='lat' dir='ltr'>quod</span> <span class='ocrx_word' id='word_1_27' title='bbox 1059 465 1203 549; x_wconf 89' lang='lat' dir='ltr'>hospitio</span> <span class='ocrx_word' id='word_1_28' title='bbox 1232 464 1394 531; x_wconf 87' lang='lat' dir='ltr'>Lacedae·</span> 
     </span>
     <span class='ocr_line' id='line_1_4' title="bbox 220 553 1394 637; baseline 0.003 -20"><span class='ocrx_word' id='word_1_29' title='bbox 220 556 402 619; x_wconf 90' lang='lat' dir='ltr'>moniorum</span> <span class='ocrx_word' id='word_1_30' title='bbox 421 554 585 637; x_wconf 87' lang='lat' dir='ltr'>utebatur,</span> <span class='ocrx_word' id='word_1_31' title='bbox 604 555 707 618; x_wconf 89' lang='lat' dir='ltr'>satius</span> <span class='ocrx_word' id='word_1_32' title='bbox 728 553 916 618; x_wconf 83' lang='lat' dir='ltr'>existimans</span> <span class='ocrx_word' id='word_1_33' title='bbox 936 554 1117 619; x_wconf 89' lang='lat' dir='ltr'>coniunctis</span> <span class='ocrx_word' id='word_1_34' title='bbox 1136 555 1259 618; x_wconf 86' lang='lat' dir='ltr'>viribus</span> <span class='ocrx_word' id='word_1_35' title='bbox 1273 553 1394 620; x_wconf 82' lang='lat' dir='ltr'><strong>Persas</strong></span> 
     </span>
     <span class='ocr_line' id='line_1_5' title="bbox 219 640 1394 727; baseline 0.003 -22"><span class='ocrx_word' id='word_1_36' title='bbox 219 643 306 706; x_wconf 95' lang='lat' dir='ltr'>bello</span> <span class='ocrx_word' id='word_1_37' title='bbox 339 642 487 726; x_wconf 86' lang='lat' dir='ltr'>persequi</span> <span class='ocrx_word' id='word_1_38' title='bbox 520 665 617 727; x_wconf 88' lang='lat' dir='ltr'>quam</span> <span class='ocrx_word' id='word_1_39' title='bbox 650 643 736 707; x_wconf 88' lang='lat' dir='ltr'>inter</span> <span class='ocrx_word' id='word_1_40' title='bbox 764 664 798 706; x_wconf 89' lang='lat' dir='ltr'>se</span> <span class='ocrx_word' id='word_1_41' title='bbox 826 640 968 708; x_wconf 79' lang='lat' dir='ltr'>Graecos</span> <span class='ocrx_word' id='word_1_42' title='bbox 999 642 1206 724; x_wconf 77' lang='lat' dir='ltr'>contendere,</span> <span class='ocrx_word' id='word_1_43' title='bbox 1235 641 1394 709; x_wconf 87' lang='lat' dir='ltr'>Lacedae-</span> 
     </span>
     <span class='ocr_line' id='line_1_6' title="bbox 219 730 1393 815; baseline 0.003 -21"><span class='ocrx_word' id='word_1_44' title='bbox 219 752 350 795; x_wconf 84' lang='lat' dir='ltr'><strong>monem</strong></span> <span class='ocrx_word' id='word_1_45' title='bbox 372 731 536 814; x_wconf 88' lang='lat' dir='ltr'>profectus</span> <span class='ocrx_word' id='word_1_46' title='bbox 565 732 636 814; x_wconf 88' lang='lat' dir='ltr'>paci</span> <span class='ocrx_word' id='word_1_47' title='bbox 659 731 745 795; x_wconf 86' lang='lat' dir='ltr'>inter</span> <span class='ocrx_word' id='word_1_48' title='bbox 768 730 848 796; x_wconf 90' lang='lat' dir='ltr'>duas</span> <span class='ocrx_word' id='word_1_49' title='bbox 877 731 1121 815; x_wconf 87' lang='lat' dir='ltr'>potentissimas</span> <span class='ocrx_word' id='word_1_50' title='bbox 1145 733 1293 796; x_wconf 89' lang='lat' dir='ltr'>civitates</span> <span class='ocrx_word' id='word_1_51' title='bbox 1318 754 1393 797; x_wconf 88' lang='lat' dir='ltr'>con·</span> 
     </span>
     <span class='ocr_line' id='line_1_7' title="bbox 219 818 1392 903; baseline 0.002 -20"><span class='ocrx_word' id='word_1_52' title='bbox 219 819 376 884; x_wconf 88' lang='lat' dir='ltr'>ciliandae</span> <span class='ocrx_word' id='word_1_53' title='bbox 401 818 535 900; x_wconf 76' lang='lat' dir='ltr'><strong>studuit,</strong></span> <span class='ocrx_word' id='word_1_54' title='bbox 557 841 659 903; x_wconf 89' lang='lat' dir='ltr'>eaque</span> <span class='ocrx_word' id='word_1_55' title='bbox 683 823 758 903; x_wconf 89' lang='lat' dir='ltr'>post</span> <span class='ocrx_word' id='word_1_56' title='bbox 780 840 846 883; x_wconf 92' lang='lat' dir='ltr'>non</span> <span class='ocrx_word' id='word_1_57' title='bbox 869 819 918 884; x_wconf 90' lang='lat' dir='ltr'>ita</span> <span class='ocrx_word' id='word_1_58' title='bbox 939 819 1043 883; x_wconf 91' lang='lat' dir='ltr'>multo</span> <span class='ocrx_word' id='word_1_59' title='bbox 1067 820 1226 884; x_wconf 83' lang='lat' dir='ltr'>convenit.</span> <span class='ocrx_word' id='word_1_60' title='bbox 1204 823 1296 901; x_wconf 88' lang='lat' dir='ltr'>t.[a</span> <span class='ocrx_word' id='word_1_61' title='bbox 1309 822 1392 903; x_wconf 83' lang='lat'>451]</span> 
     </span>
    </p>

    <p class='ocr_par' dir='ltr' id='par_1_3' title="bbox 183 906 1392 1170">
     <span class='ocr_line' id='line_1_8' title="bbox 183 906 1391 992; baseline 0.002 -20"><span class='ocrx_word' id='word_1_62' title='bbox 183 924 201 972; x_wconf 83' lang='grc'>4</span> <span class='ocrx_word' id='word_1_63' title='bbox 219 907 343 972; x_wconf 88' lang='lat' dir='ltr'>Deinde</span> <span class='ocrx_word' id='word_1_64' title='bbox 358 906 500 992; x_wconf 72' lang='lat' dir='ltr'>Cyprum</span> <span class='ocrx_word' id='word_1_65' title='bbox 515 930 588 972; x_wconf 90' lang='lat' dir='ltr'>cum</span> <span class='ocrx_word' id='word_1_66' title='bbox 607 908 753 972; x_wconf 89' lang='lat' dir='ltr'>ducentis</span> <span class='ocrx_word' id='word_1_67' title='bbox 768 907 932 972; x_wconf 89' lang='lat' dir='ltr'>navibus</span> <span class='ocrx_word' id='word_1_68' title='bbox 922 910 1097 989; x_wconf 80' lang='lat' dir='ltr'>imperator</span> <span class='ocrx_word' id='word_1_69' title='bbox 1111 908 1239 992; x_wconf 86' lang='lat' dir='ltr'>missus,</span> <span class='ocrx_word' id='word_1_70' title='bbox 1259 911 1300 989; x_wconf 87' lang='lat' dir='ltr'>[a.</span> <span class='ocrx_word' id='word_1_71' title='bbox 1309 910 1391 991; x_wconf 87' lang='grc'>449]</span> 
     </span>
     <span class='ocr_line' id='line_1_9' title="bbox 220 995 1392 1082; baseline 0.001 -21"><span class='ocrx_word' id='word_1_72' title='bbox 220 1018 292 1061; x_wconf 92' lang='lat' dir='ltr'>cum</span> <span class='ocrx_word' id='word_1_73' title='bbox 318 997 475 1061; x_wconf 87' lang='lat' dir='ltr'>maiorem</span> <span class='ocrx_word' id='word_1_74' title='bbox 498 1001 625 1080; x_wconf 87' lang='lat' dir='ltr'>partem</span> <span class='ocrx_word' id='word_1_75' title='bbox 644 997 768 1061; x_wconf 89' lang='lat' dir='ltr'>insulae</span> <span class='ocrx_word' id='word_1_76' title='bbox 788 996 966 1078; x_wconf 82' lang='lat' dir='ltr'>devicisset,</span> <span class='ocrx_word' id='word_1_77' title='bbox 944 995 1023 1061; x_wconf 92' lang='lat' dir='ltr'>tin</span> <span class='ocrx_word' id='word_1_78' title='bbox 1042 997 1192 1061; x_wconf 87' lang='lat' dir='ltr'><strong>morbum</strong></span> <span class='ocrx_word' id='word_1_79' title='bbox 1211 998 1351 1082; x_wconf 77' lang='lat' dir='ltr'>implicit</span> <span class='ocrx_word' id='word_1_80' title='bbox 1352 1021 1392 1062; x_wconf 87' lang='lat' dir='ltr'>us</span> 
     </span>
     <span class='ocr_line' id='line_1_10' title="bbox 219 1046 999 1170; baseline 0 -22"><span class='ocrx_word' id='word_1_81' title='bbox 219 1086 254 1148; x_wconf 92' lang='lat' dir='ltr'>in</span> <span class='ocrx_word' id='word_1_82' title='bbox 277 1085 395 1168; x_wconf 89' lang='lat' dir='ltr'>oppido</span> <span class='ocrx_word' id='word_1_83' title='bbox 419 1083 504 1149; x_wconf 85' lang='lat' dir='ltr'>Oitio</span> <span class='ocrx_word' id='word_1_84' title='bbox 528 1085 747 1170; x_wconf 83' lang='lat' dir='ltr'>oppugnando</span> <span class='ocrx_word' id='word_1_85' title='bbox 771 1090 822 1149; x_wconf 91' lang='lat' dir='ltr'>est</span> <span class='ocrx_word' id='word_1_86' title='bbox 844 1088 930 1149; x_wconf 90' lang='lat' dir='ltr'>mort</span> <span class='ocrx_word' id='word_1_87' title='bbox 931 1046 999 1149; x_wconf 79' lang='lat' dir='ltr'>uda.</span> 
     </span>
    </p>

    <p class='ocr_par' dir='ltr' id='par_1_4' title="bbox 186 1172 1393 1525">
     <span class='ocr_line' id='line_1_11' title="bbox 186 1172 1391 1258; baseline 0.001 -21"><span class='ocrx_word' id='word_1_88' title='bbox 186 1189 200 1237; x_wconf 88' lang='lat'>1</span> <span class='ocrx_word' id='word_1_89' title='bbox 309 1172 365 1238; x_wconf 89' lang='lat' dir='ltr'>IV</span> <span class='ocrx_word' id='word_1_90' title='bbox 402 1173 620 1239; x_wconf 84' lang='lat' dir='ltr'>Athenienses</span> <span class='ocrx_word' id='word_1_91' title='bbox 643 1173 737 1238; x_wconf 92' lang='lat' dir='ltr'>illum</span> <span class='ocrx_word' id='word_1_92' title='bbox 759 1195 825 1238; x_wconf 93' lang='lat' dir='ltr'>non</span> <span class='ocrx_word' id='word_1_93' title='bbox 848 1173 987 1237; x_wconf 88' lang='lat' dir='ltr'>solum</span> <span class='ocrx_word' id='word_1_94' title='bbox 978 1195 1012 1236; x_wconf 89' lang='grc' dir='ltr'>ιιι</span> <span class='ocrx_word' id='word_1_95' title='bbox 1036 1173 1131 1258; x_wconf 92' lang='lat' dir='ltr'>bello,</span> <span class='ocrx_word' id='word_1_96' title='bbox 1154 1172 1266 1237; x_wconf 89' lang='lat' dir='ltr'>sedt</span> <span class='ocrx_word' id='word_1_97' title='bbox 1233 1175 1331 1238; x_wconf 90' lang='lat' dir='ltr'>etiam</span> <span class='ocrx_word' id='word_1_98' title='bbox 1355 1176 1391 1239; x_wconf 94' lang='lat' dir='ltr'>in</span> 
     </span>
     <span class='ocr_line' id='line_1_12' title="bbox 219 1261 1390 1346; baseline 0.001 -21"><span class='ocrx_word' id='word_1_99' title='bbox 219 1284 298 1346; x_wconf 87' lang='lat' dir='ltr'>pace</span> <span class='ocrx_word' id='word_1_100' title='bbox 331 1262 385 1326; x_wconf 91' lang='lat' dir='ltr'>diu</span> <span class='ocrx_word' id='word_1_101' title='bbox 418 1262 688 1329; x_wconf 87' lang='lat' dir='ltr'>desideraverunt.</span> <span class='ocrx_word' id='word_1_102' title='bbox 733 1262 810 1326; x_wconf 86' lang='lat' dir='ltr'>Fuit</span> <span class='ocrx_word' id='word_1_103' title='bbox 842 1263 928 1326; x_wconf 90' lang='lat' dir='ltr'>enim</span> <span class='ocrx_word' id='word_1_104' title='bbox 960 1265 1016 1326; x_wconf 89' lang='lat' dir='ltr'>tan</span> <span class='ocrx_word' id='word_1_105' title='bbox 1018 1264 1053 1326; x_wconf 87' lang='lat' dir='ltr'>ta</span> <span class='ocrx_word' id='word_1_106' title='bbox 1080 1261 1290 1346; x_wconf 79' lang='lat' dir='ltr'>liberalitate,</span> <span class='ocrx_word' id='word_1_107' title='bbox 1318 1284 1390 1328; x_wconf 90' lang='lat' dir='ltr'>cum</span> 
     </span>
     <span class='ocr_line' id='line_1_13' title="bbox 219 1348 1393 1435; baseline 0.002 -21"><span class='ocrx_word' id='word_1_108' title='bbox 219 1351 438 1434; x_wconf 85' lang='lat' dir='ltr'>compluribus</span> <span class='ocrx_word' id='word_1_109' title='bbox 462 1350 542 1415; x_wconf 89' lang='lat' dir='ltr'>locis</span> <span class='ocrx_word' id='word_1_110' title='bbox 565 1350 698 1435; x_wconf 88' lang='lat' dir='ltr'>praedia</span> <span class='ocrx_word' id='word_1_111' title='bbox 720 1351 898 1434; x_wconf 89' lang='lat' dir='ltr'>hortosque</span> <span class='ocrx_word' id='word_1_112' title='bbox 921 1348 1068 1433; x_wconf 85' lang='lat' dir='ltr'>haberet,</span> <span class='ocrx_word' id='word_1_113' title='bbox 1092 1354 1128 1414; x_wconf 89' lang='lat' dir='ltr'>ut</span> <span class='ocrx_word' id='word_1_114' title='bbox 1154 1358 1332 1434; x_wconf 79' lang='lat' dir='ltr'>numquam</span> <span class='ocrx_word' id='word_1_115' title='bbox 1356 1353 1393 1416; x_wconf 90' lang='lat' dir='ltr'>in</span> 
     </span>
     <span class='ocr_line' id='line_1_14' title="bbox 218 1439 1390 1525; baseline 0.003 -23"><span class='ocrx_word' id='word_1_116' title='bbox 218 1439 258 1504; x_wconf 90' lang='lat' dir='ltr'>iis</span> <span class='ocrx_word' id='word_1_117' title='bbox 283 1440 448 1505; x_wconf 90' lang='lat' dir='ltr'>custodem</span> <span class='ocrx_word' id='word_1_118' title='bbox 470 1445 619 1523; x_wconf 88' lang='lat' dir='ltr'>poneret,</span> <span class='ocrx_word' id='word_1_119' title='bbox 645 1462 686 1504; x_wconf 92' lang='lat' dir='ltr'>ne</span> <span class='ocrx_word' id='word_1_120' title='bbox 710 1439 827 1524; x_wconf 88' lang='lat' dir='ltr'>quibus</span> <span class='ocrx_word' id='word_1_121' title='bbox 851 1439 986 1525; x_wconf 90' lang='lat' dir='ltr'>quisque</span> <span class='ocrx_word' id='word_1_122' title='bbox 1009 1439 1107 1503; x_wconf 87' lang='lat' dir='ltr'>vellet</span> <span class='ocrx_word' id='word_1_123' title='bbox 1135 1440 1231 1503; x_wconf 90' lang='lat' dir='ltr'>rebus</span> <span class='ocrx_word' id='word_1_124' title='bbox 1255 1440 1390 1524; x_wconf 90' lang='lat' dir='ltr'>impedi·</span> 
     </span>
    </p>

    <p class='ocr_par' dir='ltr' id='par_1_5' title="bbox 183 1526 1392 1701">
     <span class='ocr_line' id='line_1_15' title="bbox 183 1526 1391 1613; baseline 0 -20"><span class='ocrx_word' id='word_1_125' title='bbox 183 1545 199 1593; x_wconf 79' lang='lat' dir='ltr'>a</span> <span class='ocrx_word' id='word_1_126' title='bbox 219 1532 308 1592; x_wconf 89' lang='lat' dir='ltr'>retur</span> <span class='ocrx_word' id='word_1_127' title='bbox 331 1528 503 1613; x_wconf 89' lang='lat' dir='ltr'>quominus</span> <span class='ocrx_word' id='word_1_128' title='bbox 526 1528 693 1592; x_wconf 87' lang='lat' dir='ltr'>frueretur.</span> <span class='ocrx_word' id='word_1_129' title='bbox 724 1526 858 1611; x_wconf 82' lang='lat' dir='ltr'>Semper</span> <span class='ocrx_word' id='word_1_130' title='bbox 876 1549 949 1591; x_wconf 91' lang='lat' dir='ltr'>eum</span> <span class='ocrx_word' id='word_1_131' title='bbox 968 1526 1135 1611; x_wconf 91' lang='lat' dir='ltr'>pedisequi</span> <span class='ocrx_word' id='word_1_132' title='bbox 1153 1550 1227 1592; x_wconf 91' lang='lat' dir='ltr'>cum</span> <span class='ocrx_word' id='word_1_133' title='bbox 1249 1530 1391 1593; x_wconf 87' lang='lat' dir='ltr'>nummis</span> 
     </span>
     <span class='ocr_line' id='line_1_16' title="bbox 219 1615 1392 1701; baseline 0.001 -21"><span class='ocrx_word' id='word_1_134' title='bbox 219 1621 295 1680; x_wconf 91' lang='lat' dir='ltr'>sunt</span> <span class='ocrx_word' id='word_1_135' title='bbox 314 1618 423 1701; x_wconf 90' lang='lat' dir='ltr'>secuti,</span> <span class='ocrx_word' id='word_1_136' title='bbox 442 1620 489 1699; x_wconf 90' lang='lat' dir='ltr'>ut,</span> <span class='ocrx_word' id='word_1_137' title='bbox 508 1617 536 1680; x_wconf 91' lang='lat' dir='ltr'>si</span> <span class='ocrx_word' id='word_1_138' title='bbox 555 1617 627 1700; x_wconf 88' lang='lat' dir='ltr'>quis</span> <span class='ocrx_word' id='word_1_139' title='bbox 647 1617 718 1698; x_wconf 87' lang='lat' dir='ltr'>opis</span> <span class='ocrx_word' id='word_1_140' title='bbox 737 1617 806 1680; x_wconf 92' lang='lat' dir='ltr'>eius</span> <span class='ocrx_word' id='word_1_141' title='bbox 825 1616 993 1700; x_wconf 83' lang='lat' dir='ltr'>indigeret,</span> <span class='ocrx_word' id='word_1_142' title='bbox 1011 1615 1155 1697; x_wconf 88' lang='lat' dir='ltr'>haberet,</span> <span class='ocrx_word' id='word_1_143' title='bbox 1174 1616 1259 1699; x_wconf 91' lang='lat' dir='ltr'>quod</span> <span class='ocrx_word' id='word_1_144' title='bbox 1277 1618 1392 1681; x_wconf 89' lang='lat' dir='ltr'>statim</span> 
     </span>
    </p>

    <p class='ocr_par' dir='ltr' id='par_1_6' title="bbox 123 1701 1390 1879">
     <span class='ocr_line' id='line_1_17' title="bbox 123 1701 1390 1790; baseline 0.001 -22"><span class='ocrx_word' id='word_1_145' title='bbox 123 1720 129 1727; x_wconf 82' lang='grc'><em>“</em></span> <span class='ocrx_word' id='word_1_146' title='bbox 220 1705 323 1783; x_wconf 87' lang='lat' dir='ltr'>daret,</span> <span class='ocrx_word' id='word_1_147' title='bbox 350 1727 391 1769; x_wconf 92' lang='lat' dir='ltr'>ne</span> <span class='ocrx_word' id='word_1_148' title='bbox 423 1704 598 1769; x_wconf 87' lang='lat' dir='ltr'>differendo</span> <span class='ocrx_word' id='word_1_149' title='bbox 631 1704 793 1769; x_wconf 87' lang='lat' dir='ltr'>videretur</span> <span class='ocrx_word' id='word_1_150' title='bbox 826 1725 954 1789; x_wconf 79' lang='lat' dir='ltr'>negare.</span> <span class='ocrx_word' id='word_1_151' title='bbox 1001 1701 1116 1790; x_wconf 83' lang='lat' dir='ltr'>Saepe,</span> <span class='ocrx_word' id='word_1_152' title='bbox 1144 1726 1216 1769; x_wconf 91' lang='lat' dir='ltr'>cum</span> <span class='ocrx_word' id='word_1_153' title='bbox 1249 1706 1390 1790; x_wconf 90' lang='lat' dir='ltr'>aliquem</span> 
     </span>
     <span class='ocr_line' id='line_1_18' title="bbox 218 1790 1390 1879; baseline 0 -21"><span class='ocrx_word' id='word_1_154' title='bbox 218 1793 376 1858; x_wconf 85' lang='lat' dir='ltr'>offensum</span> <span class='ocrx_word' id='word_1_155' title='bbox 405 1790 570 1879; x_wconf 53' lang='lat' dir='ltr'>fortunat</span> <span class='ocrx_word' id='word_1_156' title='bbox 598 1793 722 1858; x_wconf 81' lang='lat' dir='ltr'>videret</span> <span class='ocrx_word' id='word_1_157' title='bbox 748 1793 855 1857; x_wconf 89' lang='lat' dir='ltr'>minus</span> <span class='ocrx_word' id='word_1_158' title='bbox 886 1794 967 1859; x_wconf 89' lang='lat' dir='ltr'>bene</span> <span class='ocrx_word' id='word_1_159' title='bbox 991 1793 1159 1877; x_wconf 87' lang='lat' dir='ltr'>vestitum,</span> <span class='ocrx_word' id='word_1_160' title='bbox 1188 1815 1283 1857; x_wconf 89' lang='lat' dir='ltr'>suum</span> <span class='ocrx_word' id='word_1_161' title='bbox 1311 1796 1390 1858; x_wconf 88' lang='lat' dir='ltr'>omi-</span> 
     </span>
    </p>

    <p class='ocr_par' dir='ltr' id='par_1_7' title="bbox 182 1880 1392 2232">
     <span class='ocr_line' id='line_1_19' title="bbox 182 1880 1391 1965; baseline -0.001 -16"><span class='ocrx_word' id='word_1_162' title='bbox 182 1902 199 1949; x_wconf 83' lang='grc'><strong>3</strong></span> <span class='ocrx_word' id='word_1_163' title='bbox 219 1881 326 1945; x_wconf 92' lang='lat' dir='ltr'>culum</span> <span class='ocrx_word' id='word_1_164' title='bbox 355 1881 452 1946; x_wconf 84' lang='lat' dir='ltr'>dedit.</span> <span class='ocrx_word' id='word_1_165' title='bbox 497 1880 624 1947; x_wconf 81' lang='lat' dir='ltr'>Cotidie</span> <span class='ocrx_word' id='word_1_166' title='bbox 651 1882 697 1946; x_wconf 88' lang='lat' dir='ltr'>sic</span> <span class='ocrx_word' id='word_1_167' title='bbox 721 1903 801 1946; x_wconf 89' lang='lat' dir='ltr'>cena</span> <span class='ocrx_word' id='word_1_168' title='bbox 828 1882 857 1945; x_wconf 92' lang='lat' dir='ltr'>ei</span> <span class='ocrx_word' id='word_1_169' title='bbox 881 1882 1092 1965; x_wconf 88' lang='lat' dir='ltr'>coquebatur,</span> <span class='ocrx_word' id='word_1_170' title='bbox 1114 1887 1166 1965; x_wconf 91' lang='lat' dir='ltr'>ut,</span> <span class='ocrx_word' id='word_1_171' title='bbox 1189 1903 1269 1965; x_wconf 88' lang='lat' dir='ltr'>quos</span> <span class='ocrx_word' id='word_1_172' title='bbox 1297 1883 1391 1948; x_wconf 85' lang='lat' dir='ltr'>invo-</span> 
     </span>
     <span class='ocr_line' id='line_1_20' title="bbox 219 1966 1391 2056; baseline 0.002 -23"><span class='ocrx_word' id='word_1_173' title='bbox 219 1973 309 2033; x_wconf 86' lang='lat' dir='ltr'>catos</span> <span class='ocrx_word' id='word_1_174' title='bbox 336 1969 470 2034; x_wconf 89' lang='lat' dir='ltr'>vidisset</span> <span class='ocrx_word' id='word_1_175' title='bbox 496 1970 530 2034; x_wconf 90' lang='lat' dir='ltr'>in</span> <span class='ocrx_word' id='word_1_176' title='bbox 558 1970 644 2053; x_wconf 86' lang='lat' dir='ltr'>foro,</span> <span class='ocrx_word' id='word_1_177' title='bbox 675 1992 785 2034; x_wconf 89' lang='lat' dir='ltr'>omnes</span> <span class='ocrx_word' id='word_1_178' title='bbox 814 1966 1043 2056; x_wconf 64' lang='lat' dir='ltr'>devocarerffl).</span> <span class='ocrx_word' id='word_1_179' title='bbox 1087 1969 1181 2036; x_wconf 90' lang='lat' dir='ltr'>Nulli</span> <span class='ocrx_word' id='word_1_180' title='bbox 1207 1971 1288 2034; x_wconf 91' lang='lat' dir='ltr'>fides</span> <span class='ocrx_word' id='word_1_181' title='bbox 1312 1970 1391 2054; x_wconf 89' lang='lat' dir='ltr'>eius,</span> 
     </span>
     <span class='ocr_line' id='line_1_21' title="bbox 218 2058 1392 2142; baseline 0.003 -22"><span class='ocrx_word' id='word_1_182' title='bbox 218 2058 301 2121; x_wconf 90' lang='lat' dir='ltr'>nulli</span> <span class='ocrx_word' id='word_1_183' title='bbox 329 2079 441 2142; x_wconf 89' lang='lat' dir='ltr'>opera,</span> <span class='ocrx_word' id='word_1_184' title='bbox 470 2058 551 2123; x_wconf 89' lang='lat' dir='ltr'>nulli</span> <span class='ocrx_word' id='word_1_185' title='bbox 579 2080 648 2141; x_wconf 54' lang='lat' dir='ltr'>res,</span> <span class='ocrx_word' id='word_1_186' title='bbox 662 2058 832 2123; x_wconf 87' lang='lat' dir='ltr'>familiaris</span> <span class='ocrx_word' id='word_1_187' title='bbox 865 2059 981 2124; x_wconf 86' lang='lat' dir='ltr'>defuit:</span> <span class='ocrx_word' id='word_1_188' title='bbox 1013 2059 1134 2125; x_wconf 87' lang='lat' dir='ltr'>multos</span> <span class='ocrx_word' id='word_1_189' title='bbox 1164 2060 1392 2142; x_wconf 83' lang='lat' dir='ltr'>locupletavit:</span> 
     </span>
     <span class='ocr_line' id='line_1_22' title="bbox 218 2147 1390 2232; baseline 0.003 -21"><span class='ocrx_word' id='word_1_190' title='bbox 218 2147 400 2231; x_wconf 90' lang='lat' dir='ltr'>complures</span> <span class='ocrx_word' id='word_1_191' title='bbox 424 2169 592 2232; x_wconf 88' lang='lat' dir='ltr'>pauperes,</span> <span class='ocrx_word' id='word_1_192' title='bbox 616 2148 670 2231; x_wconf 93' lang='lat' dir='ltr'>qui</span> <span class='ocrx_word' id='word_1_193' title='bbox 688 2147 772 2211; x_wconf 91' lang='lat' dir='ltr'>unde</span> <span class='ocrx_word' id='word_1_194' title='bbox 791 2147 979 2212; x_wconf 87' lang='lat' dir='ltr'>efferrentur</span> <span class='ocrx_word' id='word_1_195' title='bbox 1001 2169 1068 2212; x_wconf 89' lang='lat' dir='ltr'>non</span> <span class='ocrx_word' id='word_1_196' title='bbox 1090 2149 1308 2232; x_wconf 87' lang='lat' dir='ltr'>reliquissent,</span> <span class='ocrx_word' id='word_1_197' title='bbox 1330 2170 1390 2214; x_wconf 91' lang='lat' dir='ltr'>suo</span> 
     </span>
    </p>

    <p class='ocr_par' dir='ltr' id='par_1_8' title="bbox 182 2234 1391 2390">
     <span class='ocr_line' id='line_1_23' title="bbox 182 2234 1391 2321; baseline 0 -19"><span class='ocrx_word' id='word_1_198' title='bbox 182 2240 350 2319; x_wconf 67' lang='lat' dir='ltr'>asumptu</span> <span class='ocrx_word' id='word_1_199' title='bbox 377 2237 504 2301; x_wconf 87' lang='lat' dir='ltr'>extulit.</span> <span class='ocrx_word' id='word_1_200' title='bbox 550 2234 604 2301; x_wconf 82' lang='lat' dir='ltr'>Sic</span> <span class='ocrx_word' id='word_1_201' title='bbox 628 2257 662 2300; x_wconf 91' lang='lat' dir='ltr'>se</span> <span class='ocrx_word' id='word_1_202' title='bbox 690 2235 831 2321; x_wconf 83' lang='lat' dir='ltr'>gerendo</span> <span class='ocrx_word' id='word_1_203' title='bbox 860 2236 994 2300; x_wconf 91' lang='lat' dir='ltr'>minime</span> <span class='ocrx_word' id='word_1_204' title='bbox 1018 2240 1068 2300; x_wconf 88' lang='lat' dir='ltr'>est</span> <span class='ocrx_word' id='word_1_205' title='bbox 1095 2237 1277 2301; x_wconf 88' lang='lat' dir='ltr'>mirandum</span> <span class='ocrx_word' id='word_1_206' title='bbox 1306 2238 1334 2301; x_wconf 90' lang='lat' dir='ltr'>si</span> <span class='ocrx_word' id='word_1_207' title='bbox 1358 2246 1391 2302; x_wconf 87' lang='lat' dir='ltr'>et</span> 
     </span>
     <span class='ocr_line' id='line_1_24' title="bbox 217 2323 1028 2390; baseline 0.001 -3"><span class='ocrx_word' id='word_1_208' title='bbox 217 2323 319 2389; x_wconf 83' lang='lat' dir='ltr'>vitam</span> <span class='ocrx_word' id='word_1_209' title='bbox 342 2324 458 2389; x_wconf 88' lang='lat' dir='ltr'>habuit</span> <span class='ocrx_word' id='word_1_210' title='bbox 481 2346 626 2390; x_wconf 91' lang='lat' dir='ltr'>securam</span> <span class='ocrx_word' id='word_1_211' title='bbox 650 2328 684 2388; x_wconf 90' lang='lat' dir='ltr'>et</span> <span class='ocrx_word' id='word_1_212' title='bbox 706 2330 846 2388; x_wconf 88' lang='lat' dir='ltr'>mortem</span> <span class='ocrx_word' id='word_1_213' title='bbox 869 2326 1028 2388; x_wconf 87' lang='lat' dir='ltr'>acerbam.</span> 
     </span>
    </p>
   </div>
   <div class='ocr_carea' id='block_1_3' title="bbox 617 2663 983 2738">
    <p class='ocr_par' dir='ltr' id='par_1_9' title="bbox 617 2663 983 2738">
     <span class='ocr_line' id='line_1_25' title="bbox 617 2663 983 2738; baseline -0.003 -1"><span class='ocrx_word' id='word_1_214' title='bbox 617 2665 678 2738; x_wconf 86' lang='lat' dir='ltr'>VI.</span> <span class='ocrx_word' id='word_1_215' title='bbox 714 2663 983 2738; x_wconf 81' lang='lat' dir='ltr'>LYSANDER.</span> 
     </span>
    </p>
   </div>
   <div class='ocr_carea' id='block_1_4' title="bbox 168 2801 1392 3418">
    <p class='ocr_par' dir='ltr' id='par_1_10' title="bbox 181 2801 1392 3154">
     <span class='ocr_line' id='line_1_26' title="bbox 181 2801 1392 2887; baseline 0.002 -20"><span class='ocrx_word' id='word_1_216' title='bbox 181 2819 195 2867; x_wconf 88' lang='lat'>1</span> <span class='ocrx_word' id='word_1_217' title='bbox 303 2801 328 2865; x_wconf 94' lang='grc' dir='ltr'>Ι.</span> <span class='ocrx_word' id='word_1_218' title='bbox 366 2801 532 2885; x_wconf 87' lang='lat' dir='ltr'>Lysander</span> <span class='ocrx_word' id='word_1_219' title='bbox 556 2802 829 2868; x_wconf 87' lang='lat' dir='ltr'>Lacedaemonius</span> <span class='ocrx_word' id='word_1_220' title='bbox 853 2824 1004 2887; x_wconf 81' lang='lat' dir='ltr'>magnam</span> <span class='ocrx_word' id='word_1_221' title='bbox 1027 2802 1159 2887; x_wconf 89' lang='lat' dir='ltr'>reliquit</span> <span class='ocrx_word' id='word_1_222' title='bbox 1182 2804 1232 2867; x_wconf 90' lang='lat' dir='ltr'>sui</span> <span class='ocrx_word' id='word_1_223' title='bbox 1255 2803 1392 2884; x_wconf 88' lang='lat' dir='ltr'>famam,</span> 
     </span>
     <span class='ocr_line' id='line_1_27' title="bbox 215 2890 1389 2975; baseline 0.003 -22"><span class='ocrx_word' id='word_1_224' title='bbox 215 2911 281 2954; x_wconf 88' lang='lat' dir='ltr'>non</span> <span class='ocrx_word' id='word_1_225' title='bbox 305 2891 412 2954; x_wconf 91' lang='lat' dir='ltr'>minus</span> <span class='ocrx_word' id='word_1_226' title='bbox 440 2890 596 2954; x_wconf 88' lang='lat' dir='ltr'>felicitate</span> <span class='ocrx_word' id='word_1_227' title='bbox 620 2913 718 2975; x_wconf 91' lang='lat' dir='ltr'>quam</span> <span class='ocrx_word' id='word_1_228' title='bbox 740 2892 860 2955; x_wconf 86' lang='lat' dir='ltr'>virtute</span> <span class='ocrx_word' id='word_1_229' title='bbox 889 2894 1032 2973; x_wconf 89' lang='lat' dir='ltr'>partam:</span> <span class='ocrx_word' id='word_1_230' title='bbox 1061 2891 1277 2956; x_wconf 89' lang='lat' dir='ltr'>Athenienses</span> <span class='ocrx_word' id='word_1_231' title='bbox 1301 2895 1389 2957; x_wconf 92' lang='lat' dir='ltr'>enim</span> 
     </span>
     <span class='ocr_line' id='line_1_28' title="bbox 216 2977 1388 3063; baseline 0.001 -19"><span class='ocrx_word' id='word_1_232' title='bbox 216 3000 289 3044; x_wconf 89' lang='lat' dir='ltr'>cum</span> <span class='ocrx_word' id='word_1_233' title='bbox 308 2977 554 3062; x_wconf 89' lang='lat' dir='ltr'>Peloponnesiis</span> <span class='ocrx_word' id='word_1_234' title='bbox 574 2979 746 3063; x_wconf 87' lang='lat' dir='ltr'>septimum</span> <span class='ocrx_word' id='word_1_235' title='bbox 766 2984 798 3043; x_wconf 92' lang='lat' dir='ltr'>et</span> <span class='ocrx_word' id='word_1_236' title='bbox 817 2980 1005 3044; x_wconf 86' lang='lat' dir='ltr'>vicesimum</span> <span class='ocrx_word' id='word_1_237' title='bbox 1023 2980 1090 3044; x_wconf 88' lang='lat' dir='ltr'>iam</span> <span class='ocrx_word' id='word_1_238' title='bbox 1110 3001 1230 3045; x_wconf 88' lang='lat' dir='ltr'>annum</span> <span class='ocrx_word' id='word_1_239' title='bbox 1255 2983 1295 3061; x_wconf 89' lang='lat' dir='ltr'>[a.</span> <span class='ocrx_word' id='word_1_240' title='bbox 1305 2981 1388 3063; x_wconf 82' lang='lat'>405]</span> 
     </span>
     <span class='ocr_line' id='line_1_29' title="bbox 214 3065 1390 3154; baseline 0.003 -23"><span class='ocrx_word' id='word_1_241' title='bbox 214 3068 335 3131; x_wconf 92' lang='lat' dir='ltr'>bellum</span> <span class='ocrx_word' id='word_1_242' title='bbox 368 3071 517 3151; x_wconf 83' lang='lat' dir='ltr'>gerentes</span> <span class='ocrx_word' id='word_1_243' title='bbox 546 3067 722 3133; x_wconf 88' lang='lat' dir='ltr'>confecisse</span> <span class='ocrx_word' id='word_1_244' title='bbox 755 3065 939 3153; x_wconf 67' lang='lat' dir='ltr'>apparetl),</span> <span class='ocrx_word' id='word_1_245' title='bbox 972 3089 1075 3152; x_wconf 90' lang='lat' dir='ltr'>neque</span> <span class='ocrx_word' id='word_1_246' title='bbox 1104 3091 1168 3154; x_wconf 89' lang='lat' dir='ltr'>qua</span> <span class='ocrx_word' id='word_1_247' title='bbox 1195 3069 1228 3133; x_wconf 92' lang='lat' dir='ltr'>id</span> <span class='ocrx_word' id='word_1_248' title='bbox 1260 3069 1390 3134; x_wconf 89' lang='lat' dir='ltr'>ratione</span> 
     </span>
    </p>

    <p class='ocr_par' dir='ltr' id='par_1_11' title="bbox 180 3155 1389 3330">
     <span class='ocr_line' id='line_1_30' title="bbox 180 3155 1388 3241; baseline 0.001 -20"><span class='ocrx_word' id='word_1_249' title='bbox 180 3159 405 3221; x_wconf 78' lang='lat' dir='ltr'>aconsecutus</span> <span class='ocrx_word' id='word_1_250' title='bbox 440 3157 496 3240; x_wconf 90' lang='lat' dir='ltr'>sit,</span> <span class='ocrx_word' id='word_1_251' title='bbox 529 3156 616 3222; x_wconf 86' lang='lat' dir='ltr'>latet.</span> <span class='ocrx_word' id='word_1_252' title='bbox 661 3155 737 3222; x_wconf 92' lang='lat' dir='ltr'>Non</span> <span class='ocrx_word' id='word_1_253' title='bbox 770 3159 857 3221; x_wconf 91' lang='lat' dir='ltr'>enim</span> <span class='ocrx_word' id='word_1_254' title='bbox 889 3161 958 3221; x_wconf 91' lang='lat' dir='ltr'>tam</span> <span class='ocrx_word' id='word_1_255' title='bbox 990 3157 1093 3241; x_wconf 90' lang='lat' dir='ltr'>ipsius</span> <span class='ocrx_word' id='word_1_256' title='bbox 1125 3158 1259 3222; x_wconf 90' lang='lat' dir='ltr'>consilio</span> <span class='ocrx_word' id='word_1_257' title='bbox 1288 3180 1388 3241; x_wconf 90' lang='lat' dir='ltr'>quam</span> 
     </span>
     <span class='ocr_line' id='line_1_31' title="bbox 214 3244 1389 3330; baseline 0.003 -23"><span class='ocrx_word' id='word_1_258' title='bbox 214 3244 417 3308; x_wconf 89' lang='lat' dir='ltr'>immodestia</span> <span class='ocrx_word' id='word_1_259' title='bbox 440 3245 562 3309; x_wconf 86' lang='lat' dir='ltr'>factum</span> <span class='ocrx_word' id='word_1_260' title='bbox 587 3249 637 3310; x_wconf 92' lang='lat' dir='ltr'>est</span> <span class='ocrx_word' id='word_1_261' title='bbox 660 3246 926 3329; x_wconf 88' lang='lat' dir='ltr'>adversariorum,</span> <span class='ocrx_word' id='word_1_262' title='bbox 951 3245 1037 3330; x_wconf 91' lang='lat' dir='ltr'>quod</span> <span class='ocrx_word' id='word_1_263' title='bbox 1060 3267 1126 3310; x_wconf 88' lang='lat' dir='ltr'>non</span> <span class='ocrx_word' id='word_1_264' title='bbox 1146 3246 1231 3310; x_wconf 90' lang='lat' dir='ltr'>dicto</span> <span class='ocrx_word' id='word_1_265' title='bbox 1255 3247 1389 3310; x_wconf 91' lang='lat' dir='ltr'>audien·</span> 
     </span>
    </p>

    <p class='ocr_par' dir='ltr' id='par_1_12' title="bbox 168 3333 1389 3418">
     <span class='ocr_line' id='line_1_32' title="bbox 168 3333 1389 3418; baseline 0.002 -22"><span class='ocrx_word' id='word_1_266' title='bbox 168 3409 170 3413; x_wconf 11' lang='lat' dir='ltr'>y</span> <span class='ocrx_word' id='word_1_267' title='bbox 214 3337 280 3397; x_wconf 90' lang='lat' dir='ltr'>tem</span> <span class='ocrx_word' id='word_1_268' title='bbox 309 3333 521 3418; x_wconf 87' lang='lat' dir='ltr'>imperatores</span> <span class='ocrx_word' id='word_1_269' title='bbox 552 3335 726 3399; x_wconf 88' lang='lat' dir='ltr'>exercitum</span> <span class='ocrx_word' id='word_1_270' title='bbox 754 3334 933 3418; x_wconf 89' lang='lat' dir='ltr'>habebant,</span> <span class='ocrx_word' id='word_1_271' title='bbox 961 3337 999 3397; x_wconf 91' lang='lat' dir='ltr'>ut</span> <span class='ocrx_word' id='word_1_272' title='bbox 1029 3334 1161 3399; x_wconf 87' lang='lat' dir='ltr'>relictae</span> <span class='ocrx_word' id='word_1_273' title='bbox 1191 3335 1323 3399; x_wconf 90' lang='lat' dir='ltr'>illorum</span> <span class='ocrx_word' id='word_1_274' title='bbox 1353 3336 1389 3400; x_wconf 90' lang='lat' dir='ltr'>in</span> 
     </span>
    </p>
   </div>
   <div class='ocr_carea' id='block_1_5' title="bbox 210 3524 1389 4457">
    <p class='ocr_par' dir='ltr' id='par_1_13' title="bbox 211 3524 1387 3652">
     <span class='ocr_line' id='line_1_33' title="bbox 212 3524 1387 3607; baseline 0.002 -29"><span class='ocrx_word' id='word_1_275' title='bbox 212 3526 304 3580; x_wconf 87' lang='lat' dir='ltr'>lassen</span> <span class='ocrx_word' id='word_1_276' title='bbox 335 3526 448 3580; x_wconf 86' lang='lat' dir='ltr'>worden</span> <span class='ocrx_word' id='word_1_277' title='bbox 474 3527 558 3596; x_wconf 83' lang='grc'>(464)</span> <span class='ocrx_word' id='word_1_278' title='bbox 594 3526 771 3596; x_wconf 77' lang='grc' dir='ltr'><strong>Ηιιιιριιιιοιι-</strong></span> <span class='ocrx_word' id='word_1_279' title='bbox 824 3524 1054 3607; x_wconf 78' lang='lat' dir='ltr'>aurtickgerufen,</span> <span class='ocrx_word' id='word_1_280' title='bbox 1074 3543 1122 3579; x_wconf 88' lang='lat' dir='ltr'>um</span> <span class='ocrx_word' id='word_1_281' title='bbox 1140 3526 1193 3579; x_wconf 90' lang='lat' dir='ltr'>den</span> <span class='ocrx_word' id='word_1_282' title='bbox 1212 3524 1333 3597; x_wconf 80' lang='lat' dir='ltr'>Frieden</span> <span class='ocrx_word' id='word_1_283' title='bbox 1352 3545 1387 3580; x_wconf 86' lang='lat' dir='ltr'>zu</span> 
     </span>
     <span class='ocr_line' id='line_1_34' title="bbox 211 3595 993 3652; baseline 0.001 -3"><span class='ocrx_word' id='word_1_284' title='bbox 211 3595 270 3649; x_wconf 90' lang='lat' dir='ltr'>lich</span> <span class='ocrx_word' id='word_1_285' title='bbox 302 3597 345 3651; x_wconf 90' lang='lat' dir='ltr'>als</span> <span class='ocrx_word' id='word_1_286' title='bbox 372 3596 607 3652; x_wconf 84' lang='lat' dir='ltr'>Lakonenfreund</span> <span class='ocrx_word' id='word_1_287' title='bbox 639 3595 697 3650; x_wconf 91' lang='lat' dir='ltr'>und</span> <span class='ocrx_word' id='word_1_288' title='bbox 729 3595 770 3651; x_wconf 86' lang='lat' dir='ltr'>als</span> <span class='ocrx_word' id='word_1_289' title='bbox 824 3595 993 3652; x_wconf 82' lang='lat' dir='ltr'>vermitteln.</span> 
     </span>
    </p>

    <p class='ocr_par' dir='ltr' id='par_1_14' title="bbox 210 3665 1387 3877">
     <span class='ocr_line' id='line_1_35' title="bbox 212 3665 1386 3738; baseline 0.001 -18"><span class='ocrx_word' id='word_1_290' title='bbox 212 3665 322 3735; x_wconf 81' lang='lat' dir='ltr'>Gegner</span> <span class='ocrx_word' id='word_1_291' title='bbox 345 3668 395 3721; x_wconf 89' lang='lat' dir='ltr'>der</span> <span class='ocrx_word' id='word_1_292' title='bbox 417 3667 632 3724; x_wconf 86' lang='lat' dir='ltr'>Demokratie</span> <span class='ocrx_word' id='word_1_293' title='bbox 623 3687 653 3722; x_wconf 90' lang='grc' dir='ltr'>ιιι</span> <span class='ocrx_word' id='word_1_294' title='bbox 676 3666 771 3722; x_wconf 80' lang='lat' dir='ltr'>Athen</span> <span class='ocrx_word' id='word_1_295' title='bbox 860 3668 883 3738; x_wconf 81' lang='lat'>⁹)</span> <span class='ocrx_word' id='word_1_296' title='bbox 911 3666 944 3724; x_wconf 92' lang='lat' dir='ltr'>D.</span> <span class='ocrx_word' id='word_1_297' title='bbox 963 3667 991 3722; x_wconf 93' lang='lat' dir='ltr'>h.</span> <span class='ocrx_word' id='word_1_298' title='bbox 1010 3683 1075 3722; x_wconf 83' lang='lat' dir='ltr'>vom</span> <span class='ocrx_word' id='word_1_299' title='bbox 1102 3667 1167 3736; x_wconf 81' lang='lat' dir='ltr'>Ung</span> <span class='ocrx_word' id='word_1_300' title='bbox 1167 3667 1234 3722; x_wconf 79' lang='lat' dir='ltr'>luch</span> <span class='ocrx_word' id='word_1_301' title='bbox 1260 3666 1386 3737; x_wconf 80' lang='lat' dir='ltr'>heimge-</span> 
     </span>
     <span class='ocr_line' id='line_1_36' title="bbox 211 3736 1387 3807; baseline 0.001 -16"><span class='ocrx_word' id='word_1_302' title='bbox 211 3737 307 3791; x_wconf 84' lang='lat' dir='ltr'>wurde</span> <span class='ocrx_word' id='word_1_303' title='bbox 322 3736 425 3792; x_wconf 83' lang='lat' dir='ltr'>darauf</span> <span class='ocrx_word' id='word_1_304' title='bbox 436 3737 535 3794; x_wconf 78' lang='lat' dir='ltr'>Cimon</span> <span class='ocrx_word' id='word_1_305' title='bbox 549 3740 693 3795; x_wconf 80' lang='lat' dir='ltr'>verbannt</span> <span class='ocrx_word' id='word_1_306' title='bbox 717 3738 770 3793; x_wconf 90' lang='lat' dir='ltr'>Dis</span> <span class='ocrx_word' id='word_1_307' title='bbox 824 3740 921 3807; x_wconf 87' lang='lat' dir='ltr'>sucht,</span> <span class='ocrx_word' id='word_1_308' title='bbox 945 3739 1004 3793; x_wconf 84' lang='lat' dir='ltr'>also</span> <span class='ocrx_word' id='word_1_309' title='bbox 1028 3737 1109 3793; x_wconf 86' lang='lat' dir='ltr'>nicht</span> <span class='ocrx_word' id='word_1_310' title='bbox 1131 3738 1387 3807; x_wconf 78' lang='lat' dir='ltr'>gleichbedcutend</span> 
     </span>
     <span class='ocr_line' id='line_1_37' title="bbox 210 3807 1122 3877; baseline 0.001 -16"><span class='ocrx_word' id='word_1_311' title='bbox 210 3807 336 3862; x_wconf 84' lang='lat' dir='ltr'>Athener</span> <span class='ocrx_word' id='word_1_312' title='bbox 366 3810 459 3877; x_wconf 83' lang='lat' dir='ltr'>gaben</span> <span class='ocrx_word' id='word_1_313' title='bbox 489 3827 547 3864; x_wconf 87' lang='lat' dir='ltr'>uun</span> <span class='ocrx_word' id='word_1_314' title='bbox 575 3810 620 3863; x_wconf 92' lang='lat' dir='ltr'>die</span> <span class='ocrx_word' id='word_1_315' title='bbox 648 3809 770 3864; x_wconf 87' lang='lat' dir='ltr'>Bundes·</span> <span class='ocrx_word' id='word_1_316' title='bbox 823 3809 877 3864; x_wconf 92' lang='lat' dir='ltr'>mit</span> <span class='ocrx_word' id='word_1_317' title='bbox 894 3810 967 3864; x_wconf 79' lang='lat' dir='ltr'>forte</span> <span class='ocrx_word' id='word_1_318' title='bbox 986 3809 1122 3863; x_wconf 89' lang='lat' dir='ltr'>oblatum.</span> 
     </span>
    </p>

    <p class='ocr_par' dir='ltr' id='par_1_15' title="bbox 210 3877 1389 4443">
     <span class='ocr_line' id='line_1_38' title="bbox 210 3877 1387 3948; baseline 0 -15"><span class='ocrx_word' id='word_1_319' title='bbox 210 3878 444 3947; x_wconf 80' lang='lat' dir='ltr'>genossenschaft</span> <span class='ocrx_word' id='word_1_320' title='bbox 461 3880 514 3935; x_wconf 90' lang='lat' dir='ltr'>mit</span> <span class='ocrx_word' id='word_1_321' title='bbox 532 3880 584 3934; x_wconf 89' lang='lat' dir='ltr'>den</span> <span class='ocrx_word' id='word_1_322' title='bbox 601 3879 702 3936; x_wconf 84' lang='lat' dir='ltr'>Laced.</span> <span class='ocrx_word' id='word_1_323' title='bbox 721 3881 773 3935; x_wconf 85' lang='lat' dir='ltr'>auf</span> <span class='ocrx_word' id='word_1_324' title='bbox 862 3879 895 3948; x_wconf 87' lang='lat'>¹⁰)</span> <span class='ocrx_word' id='word_1_325' title='bbox 927 3878 996 3933; x_wconf 86' lang='lat' dir='ltr'>Was</span> <span class='ocrx_word' id='word_1_326' title='bbox 1028 3880 1089 3934; x_wconf 89' lang='lat' dir='ltr'>hier</span> <span class='ocrx_word' id='word_1_327' title='bbox 1116 3879 1186 3935; x_wconf 81' lang='lat' dir='ltr'>dber</span> <span class='ocrx_word' id='word_1_328' title='bbox 1217 3879 1262 3934; x_wconf 87' lang='lat' dir='ltr'>die</span> <span class='ocrx_word' id='word_1_329' title='bbox 1293 3877 1387 3934; x_wconf 77' lang='lat' dir='ltr'>freien</span> 
     </span>
     <span class='ocr_line' id='line_1_39' title="bbox 210 3948 1386 4021; baseline 0.003 -19"><span class='ocrx_word' id='word_1_330' title='bbox 210 3949 268 4003; x_wconf 92' lang='lat' dir='ltr'>und</span> <span class='ocrx_word' id='word_1_331' title='bbox 299 3948 465 4017; x_wconf 80' lang='lat' dir='ltr'>bekriegten</span> <span class='ocrx_word' id='word_1_332' title='bbox 497 3951 583 4005; x_wconf 84' lang='lat' dir='ltr'>deren</span> <span class='ocrx_word' id='word_1_333' title='bbox 609 3952 767 4021; x_wconf 84' lang='lat' dir='ltr'>Bundesge·</span> <span class='ocrx_word' id='word_1_334' title='bbox 822 3948 992 4005; x_wconf 83' lang='lat' dir='ltr'>Mahlzeiten</span> <span class='ocrx_word' id='word_1_335' title='bbox 1010 3950 1069 4004; x_wconf 90' lang='lat' dir='ltr'>und</span> <span class='ocrx_word' id='word_1_336' title='bbox 1082 3950 1154 4005; x_wconf 90' lang='lat' dir='ltr'>oben</span> <span class='ocrx_word' id='word_1_337' title='bbox 1167 3951 1237 4005; x_wconf 81' lang='lat' dir='ltr'>uber</span> <span class='ocrx_word' id='word_1_338' title='bbox 1251 3949 1296 4004; x_wconf 91' lang='lat' dir='ltr'>die</span> <span class='ocrx_word' id='word_1_339' title='bbox 1313 3948 1386 4005; x_wconf 81' lang='lat' dir='ltr'>freie</span> 
     </span>
     <span class='ocr_line' id='line_1_40' title="bbox 210 4019 1386 4092; baseline 0.002 -19"><span class='ocrx_word' id='word_1_340' title='bbox 210 4035 321 4074; x_wconf 84' lang='lat' dir='ltr'>nossen.</span> <span class='ocrx_word' id='word_1_341' title='bbox 358 4020 426 4073; x_wconf 90' lang='lat' dir='ltr'>Zum</span> <span class='ocrx_word' id='word_1_342' title='bbox 452 4019 561 4075; x_wconf 86' lang='lat' dir='ltr'>offenen</span> <span class='ocrx_word' id='word_1_343' title='bbox 585 4022 689 4092; x_wconf 79' lang='lat' dir='ltr'>Kriege</span> <span class='ocrx_word' id='word_1_344' title='bbox 715 4023 769 4076; x_wconf 89' lang='lat' dir='ltr'>mit</span> <span class='ocrx_word' id='word_1_345' title='bbox 822 4022 987 4090; x_wconf 81' lang='lat' dir='ltr'>Benutzung</span> <span class='ocrx_word' id='word_1_346' title='bbox 1009 4037 1064 4076; x_wconf 85' lang='lat' dir='ltr'>von</span> <span class='ocrx_word' id='word_1_347' title='bbox 1084 4019 1198 4077; x_wconf 80' lang='lat' dir='ltr'>Cimone</span> <span class='ocrx_word' id='word_1_348' title='bbox 1212 4020 1318 4076; x_wconf 73' lang='lat' dir='ltr'>Gtrten</span> <span class='ocrx_word' id='word_1_349' title='bbox 1336 4038 1386 4091; x_wconf 84' lang='lat' dir='ltr'>ge·</span> 
     </span>
     <span class='ocr_line' id='line_1_41' title="bbox 210 4089 1389 4160; baseline 0.001 -17"><span class='ocrx_word' id='word_1_350' title='bbox 210 4089 387 4146; x_wconf 71' lang='lat' dir='ltr'>Lacedtmon</span> <span class='ocrx_word' id='word_1_351' title='bbox 401 4090 468 4145; x_wconf 86' lang='lat' dir='ltr'>kam</span> <span class='ocrx_word' id='word_1_352' title='bbox 483 4107 521 4159; x_wconf 87' lang='lat' dir='ltr'>es,</span> <span class='ocrx_word' id='word_1_353' title='bbox 535 4090 578 4145; x_wconf 85' lang='lat' dir='ltr'>als</span> <span class='ocrx_word' id='word_1_354' title='bbox 588 4091 634 4147; x_wconf 89' lang='lat' dir='ltr'>dre</span> <span class='ocrx_word' id='word_1_355' title='bbox 643 4092 769 4148; x_wconf 77' lang='lat' dir='ltr'>Athener</span> <span class='ocrx_word' id='word_1_356' title='bbox 822 4094 888 4160; x_wconf 76' lang='lat' dir='ltr'>negt</span> <span class='ocrx_word' id='word_1_357' title='bbox 903 4091 955 4159; x_wconf 88' lang='lat' dir='ltr'>ist,</span> <span class='ocrx_word' id='word_1_358' title='bbox 973 4091 1161 4147; x_wconf 74' lang='lat' dir='ltr'>beschrankte</span> <span class='ocrx_word' id='word_1_359' title='bbox 1184 4090 1245 4147; x_wconf 86' lang='lat' dir='ltr'>sich</span> <span class='ocrx_word' id='word_1_360' title='bbox 1263 4108 1317 4145; x_wconf 91' lang='lat' dir='ltr'>nur</span> <span class='ocrx_word' id='word_1_361' title='bbox 1335 4091 1389 4147; x_wconf 83' lang='lat' dir='ltr'>auf</span> 
     </span>
     <span class='ocr_line' id='line_1_42' title="bbox 211 4131 1386 4232; baseline 0.001 -17"><span class='ocrx_word' id='word_1_362' title='bbox 211 4162 266 4216; x_wconf 90' lang='lat' dir='ltr'>den</span> <span class='ocrx_word' id='word_1_363' title='bbox 291 4177 346 4215; x_wconf 87' lang='lat' dir='ltr'>von</span> <span class='ocrx_word' id='word_1_364' title='bbox 372 4160 463 4216; x_wconf 87' lang='lat' dir='ltr'>einem</span> <span class='ocrx_word' id='word_1_365' title='bbox 489 4131 564 4230; x_wconf 80' lang='lat' dir='ltr'>nge</span> <span class='ocrx_word' id='word_1_366' title='bbox 589 4164 663 4217; x_wconf 85' lang='lat' dir='ltr'>nach</span> <span class='ocrx_word' id='word_1_367' title='bbox 686 4163 768 4218; x_wconf 90' lang='lat' dir='ltr'>Doris</span> <span class='ocrx_word' id='word_1_368' title='bbox 823 4164 922 4219; x_wconf 79' lang='lat' dir='ltr'>dassen</span> <span class='ocrx_word' id='word_1_369' title='bbox 940 4133 1048 4216; x_wconf 66' lang='grc' dir='ltr'><strong>ιιιιιθιο</strong></span> <span class='ocrx_word' id='word_1_370' title='bbox 1062 4160 1270 4232; x_wconf 83' lang='lat' dir='ltr'>Gangenoesen.</span> <span class='ocrx_word' id='word_1_371' title='bbox 1296 4151 1386 4216; x_wconf 83' lang='lat' dir='ltr'>llber-</span> 
     </span>
     <span class='ocr_line' id='line_1_43' title="bbox 210 4232 1386 4304; baseline 0.003 -20"><span class='ocrx_word' id='word_1_372' title='bbox 210 4232 476 4287; x_wconf 78' lang='lat' dir='ltr'>aurbclrlrehrenden</span> <span class='ocrx_word' id='word_1_373' title='bbox 529 4232 769 4289; x_wconf 76' lang='lat' dir='ltr'>Lacedtmoniern</span> <span class='ocrx_word' id='word_1_374' title='bbox 822 4235 913 4303; x_wconf 84' lang='lat' dir='ltr'>haupt</span> <span class='ocrx_word' id='word_1_375' title='bbox 931 4233 1063 4288; x_wconf 87' lang='lat' dir='ltr'>soheinen</span> <span class='ocrx_word' id='word_1_376' title='bbox 1077 4233 1123 4287; x_wconf 88' lang='lat' dir='ltr'>die</span> <span class='ocrx_word' id='word_1_377' title='bbox 1138 4234 1274 4304; x_wconf 84' lang='lat' dir='ltr'>Angaben</span> <span class='ocrx_word' id='word_1_378' title='bbox 1292 4232 1386 4288; x_wconf 90' lang='lat' dir='ltr'>dieses</span> 
     </span>
     <span class='ocr_line' id='line_1_44' title="bbox 210 4302 1264 4373; baseline 0.002 -18"><span class='ocrx_word' id='word_1_379' title='bbox 210 4302 266 4357; x_wconf 89' lang='lat' dir='ltr'>den</span> <span class='ocrx_word' id='word_1_380' title='bbox 284 4304 358 4373; x_wconf 78' lang='lat' dir='ltr'>Weg</span> <span class='ocrx_word' id='word_1_381' title='bbox 377 4304 453 4358; x_wconf 84' lang='lat' dir='ltr'>verle</span> <span class='ocrx_word' id='word_1_382' title='bbox 473 4306 528 4358; x_wconf 88' lang='lat' dir='ltr'>ten.</span> <span class='ocrx_word' id='word_1_383' title='bbox 566 4302 701 4360; x_wconf 84' lang='lat' dir='ltr'>Schlacht</span> <span class='ocrx_word' id='word_1_384' title='bbox 722 4303 768 4358; x_wconf 90' lang='lat' dir='ltr'>bei</span> <span class='ocrx_word' id='word_1_385' title='bbox 822 4302 884 4373; x_wconf 87' lang='lat' dir='ltr'>Kap</span> <span class='ocrx_word' id='word_1_386' title='bbox 885 4305 951 4359; x_wconf 88' lang='lat' dir='ltr'>itels</span> <span class='ocrx_word' id='word_1_387' title='bbox 970 4308 1056 4359; x_wconf 82' lang='lat' dir='ltr'>etwas</span> <span class='ocrx_word' id='word_1_388' title='bbox 1075 4303 1264 4359; x_wconf 82' lang='lat' dir='ltr'>dbertrieben.</span> 
     </span>
     <span class='ocr_line' id='line_1_45' title="bbox 210 4323 1310 4457; baseline 0.002 -31"><span class='ocrx_word' id='word_1_389' title='bbox 210 4372 342 4442; x_wconf 81' lang='lat' dir='ltr'>Tanagra</span> <span class='ocrx_word' id='word_1_390' title='bbox 359 4379 419 4429; x_wconf 77' lang='lat'>458.</span> <span class='ocrx_word' id='word_1_391' title='bbox 453 4323 531 4430; x_wconf 72' lang='lat' dir='ltr'>iatri</span> <span class='ocrx_word' id='word_1_392' title='bbox 552 4374 647 4431; x_wconf 85' lang='lat' dir='ltr'>wurde</span> <span class='ocrx_word' id='word_1_393' title='bbox 671 4322 1310 4457; x_wconf 77' lang='lat' dir='ltr'>Cimon)Perebnl1cheKonstruktion.</span> 
     </span>
    </p>
   </div>
   <div class='ocr_carea' id='block_1_6' title="bbox 0 0 1518 4908">
    <p class='ocr_par' dir='ltr' id='par_1_16' title="bbox 0 0 1518 4908">
     <span class='ocr_line' id='line_1_46' title="bbox 0 0 1518 4908; baseline 0 2"><span class='ocrx_word' id='word_1_394' title='bbox 0 0 1518 4908; x_wconf 95' lang='lat' dir='ltr'> </span> 
     </span>
    </p>
   </div>
  </div>
 </body>
</html>
