3028 4908
498 201 534 260 IL
556 201 841 258 nflnmsnoenns,
866 207 890 259 1.
904 208 932 261 a.
1285 199 1305 265 7

129 390 189 433 usa
220 370 279 431 est.
306 364 500 430 'Praeterea
532 384 651 449 magna
683 365 753 429 eius
786 367 856 428 erat
886 364 972 448 apud
1004 385 1116 429 omnes
1149 363 1299 429 civitates

130 454 321 538 auctoritas,
347 452 456 518 nobile
488 475 620 538 nomen,
651 453 722 518 laus
749 453 796 517 rei
830 453 979 518 militaris
1012 453 1162 517 maxima.
1210 451 1299 518 Haec

129 545 271 630 populus
289 542 463 625 respiciens
478 541 593 606 maluit
607 541 700 606 illum
719 541 888 606 innoxium
901 541 1002 626 plecti
1017 563 1116 626 quam
1129 562 1163 606 se
1178 540 1300 605 diutius

130 654 201 698 esse
224 633 259 696 in
281 632 407 696 timore.
549 654 552 658 ⁴

486 881 533 953 ΙΙ.
576 878 950 954 nflnnlsnouuns

218 1019 243 1085 1.
279 1018 523 1103 Themistocles,
546 1015 675 1084 Neoclis
697 1019 793 1097 filius,
811 1017 1036 1101 Atheniensis,
1055 1017 1135 1082 vitia
1158 1017 1301 1082 ineuntis
1325 1035 1338 1081 1

129 1108 367 1175 adulescentiae
390 1108 518 1191 magnis
541 1108 725 1172 emendavit
746 1107 809 1173 viri
831 1107 1023 1190 virtutibus,
1052 1105 1132 1171 adeo
1155 1108 1303 1171 utente

127 1197 253 1262 feratur
267 1197 297 1260 ei
316 1217 422 1279 nemo,
441 1196 536 1280 pauci
555 1218 648 1279 pares
666 1199 832 1280 putentur.
856 1194 918 1260 Sed
933 1195 974 1260 ab
992 1193 1088 1259 initio
1106 1198 1156 1258 est
1175 1194 1303 1259 ordien-
1323 1211 1340 1259 a

130 1283 234 1369 dus1).
266 1283 365 1348 Pater
388 1285 457 1349 eius
480 1282 618 1350 Neocles
642 1305 819 1369 generosus
842 1284 912 1350 fnit
941 1283 975 1348 Is
998 1303 1132 1348 uxorem
1157 1281 1304 1347 Halicar-

131 1373 276 1438 nassiam
300 1373 403 1437 civem
422 1372 522 1456 duxit,
546 1394 585 1436 ex
602 1395 667 1457 qua
684 1376 782 1438 natus
801 1375 852 1436 est
869 1371 1115 1438 Themistocles.
1149 1369 1211 1446 Qui
1231 1393 1305 1436 cum

132 1463 240 1526 minus
255 1464 340 1526 asset
357 1463 516 1545 probatus
530 1461 731 1546 parentibus,
745 1460 831 1546 quod
845 1463 879 1525 et
892 1460 1026 1524 liberius
1042 1458 1174 1523 vivebat
1188 1462 1222 1524 et
1235 1481 1306 1525 rem

130 1550 325 1614 familiarem
348 1549 554 1635 neglegebat,
579 1572 599 1614 a
620 1553 713 1632 patre
736 1547 950 1614 exheredatus
975 1551 1034 1613 est.
1081 1545 1169 1622 Quae
1192 1552 1304 1613 eontu-
1325 1565 1341 1614 3

132 1638 230 1703 melia
256 1660 323 1703 non
349 1637 449 1723 fregit
473 1659 560 1721 eum,
583 1637 638 1702 sed
662 1638 771 1702 erexit
817 1635 905 1702 Nam
930 1658 1002 1701 cum
1031 1635 1207 1701 iudicasset
1236 1637 1304 1701 sine

133 1748 260 1791 summa
287 1725 447 1790 industria
474 1747 540 1790 non
567 1746 663 1808 posse
688 1748 759 1791 eam
783 1725 960 1810 exstingui,
989 1727 1095 1790 totum
1125 1747 1159 1789 se
1183 1724 1306 1789 dedidit

131 1816 179 1879 rei
201 1814 361 1899 publicae,
384 1814 573 1899 diligentius
597 1814 710 1879 amicis
733 1814 902 1898 famaeque
926 1813 1079 1879 serviens.
1108 1812 1249 1877 Multum
1272 1813 1307 1878 in

131 1903 261 1968 iudiciis
276 1903 423 1986 privatus
437 1903 638 1986 versabatur,
653 1924 750 1986 saepe
763 1903 798 1967 in
813 1903 1000 1967 contionem
1014 1902 1128 1986 populi
1140 1902 1309 1985 prodibat:

131 1992 224 2056 nulla
246 2012 297 2056 ras
326 1992 429 2055 maior
452 1991 522 2056 sine
547 2012 584 2055 eo
612 1992 798 2074 gerebatur,
822 1991 970 2055 celeriter
999 2012 1081 2075 quae
1109 2011 1191 2074 opus
1216 1994 1309 2054 erant

131 2079 326 2164 reperiebat,
346 2080 441 2143 facile
460 2078 572 2143 eadem
590 2079 737 2144 oratione
758 2080 952 2164 explicabat,
971 2078 1057 2163 quod
1077 2081 1110 2143 et
1129 2079 1167 2142 de
1185 2079 1309 2143 instan-

131 2168 222 2232 tibus
241 2168 347 2249 rebus‚
365 2172 402 2231 ut
420 2167 467 2231 ait
481 2166 695 2251 Thucydides,
713 2167 880 2232 verissime
899 2167 1065 2232 iudicabat
1084 2167 1171 2232 etde
1190 2167 1308 2232 futuris

131 2256 342 2320 callidissime
366 2255 553 2323 coniciebat
582 2253 697 2340 Neque
721 2254 829 2320 minus
851 2255 1056 2339 ingerendis
1078 2255 1176 2320 rebus
1200 2278 1308 2340 prom·
1326 2272 1343 2320 4

130 2347 208 2428 ptus
228 2349 298 2409 erat
317 2366 413 2429 quam
432 2343 664 2429 excogitandis.
696 2344 767 2420 Quo
786 2344 909 2409 factum
929 2348 979 2409 est
997 2348 1033 2408 ut
1050 2344 1142 2409 brevi
1160 2349 1307 2427 tempore

130 2433 359 2498 illustraretur.

222 2520 264 2585 ΙΙ.
301 2522 429 2586 Primus
462 2527 570 2587 autem
602 2521 723 2606 gradus
750 2519 814 2584 fuit
841 2519 1056 2603 capessendae
1083 2520 1131 2584 rei
1157 2520 1343 2604 publicas1

131 2608 218 2674 bello
233 2607 424 2693 Aeginensi:
444 2610 485 2674 ad
499 2609 584 2693 quod
603 2608 781 2694 gerendum
799 2612 966 2691 praetera
984 2609 1104 2692 populo
1122 2608 1228 2673 factus
1242 2631 1308 2674 non

133 2697 240 2762 solum
269 2697 434 2779 praesenti
461 2697 561 2778 bello,
590 2697 769 2762 sedetiam
797 2696 923 2781 reliquo
950 2696 1089 2780 tempori
1117 2696 1308 2762 ferociorem

132 2785 273 2850 reddidit
292 2785 467 2850 civitatem.
485 2784 582 2850 ‘Nam
602 2808 675 2851 cum
693 2784 832 2870 pecunia
849 2784 989 2870 publica,
1008 2806 1089 2869 quae
1109 2807 1149 2850 ex
1167 2786 1307 2851 metallis
1327 2803 1343 2851 2

131 2873 273 2958 redibat,
301 2874 474 2958 largitione
497 2875 748 2960 magistratuum
776 2874 950 2958 quotannis
973 2874 1133 2957 interiret,
1156 2875 1211 2939 ille
1234 2896 1305 2958 per·

132 2963 237 3027 suasit
263 2964 385 3047 populo
413 2967 451 3027 ut
474 2985 512 3027 ea
538 2963 674 3047 pecunia
701 2960 815 3028 elassis
843 2965 972 3026 centum
1000 2962 1132 3027 navium
1162 2964 1202 3043 [a.
1225 2963 1306 3045 487]

132 3051 358 3116 aedificaretur
367 3047 403 3137 2).
454 3051 543 3128 Quae
583 3052 659 3116 dum
696 3051 923 3134 conficiuntur,
953 3050 1095 3134 primum
1126 3050 1342 3137 Aeginetas3

131 3139 242 3224 fregit,
266 3138 381 3204 deinde
404 3138 621 3223 praedonibus
645 3139 810 3224 oppressis
834 3160 922 3203 mare
945 3142 1054 3204 tutum
1077 3139 1225 3204 reddidit.
1266 3139 1308 3205 In

133 3249 198 3312 quo
222 3250 293 3293 cum
311 3228 442 3314 ,divitiis
466 3228 680 3293 Athenienses
704 3226 848 3312 ornavit,
874 3232 945 3291 tum
968 3224 1065 3293 etiani
1090 3228 1305 3312 peritissimos

132 3317 213 3380 belli
235 3316 363 3397 navalis
387 3315 473 3381 fecit.
503 3316 542 3380 Id
561 3321 701 3402 quantae
720 3316 819 3381 saluti
836 3315 935 3380 fuerit
951 3316 1122 3382 universae
1143 3315 1306 3401 Graeciae,
1325 3334 1343 3382 4

133 3404 222 3469 bello
246 3404 412 3489 cognitum
436 3408 486 3469 est
508 3404 646 3471 Persico.
678 3403 810 3469 Etenim
832 3405 945 3488 paucis
967 3408 1044 3487 post
1067 3406 1161 3469 annis
1184 3405 1307 3471 Xerxes

133 3497 168 3558 ct
196 3493 278 3557 mari
306 3496 339 3557 et
366 3496 455 3557 terra
486 3492 608 3558 bellum
635 3494 806 3558 universae
838 3493 952 3556 intulit
977 3490 1129 3576 Europae
1163 3496 1204 3574 [a.
1227 3495 1307 3576 480]

132 3602 207 3646 cum
230 3581 331 3645 tantis
355 3581 467 3665 copiis,
490 3585 628 3665 quantas
652 3602 756 3666 neque
777 3585 851 3645 ante
869 3602 928 3644 neo
951 3584 1065 3663 postea
1087 3580 1203 3646 habuit
1221 3583 1308 3666 quis-

134 3691 246 3754 quam:
264 3669 353 3734 illius
369 3670 454 3734 enim
469 3670 582 3734 classis
601 3669 691 3734 mille
704 3673 738 3734 et
756 3669 966 3734 ducentarum
985 3668 1117 3733 navium
1136 3670 1307 3754 longarum
1326 3686 1343 3736 t

133 3759 205 3840 fuit,
224 3779 322 3841 quam
341 3758 404 3822 duo
423 3758 515 3822 milia
531 3759 754 3823 onerariarum
773 3755 1000 3842 sequebantur,
1018 3759 1182 3823 terrestris
1198 3763 1307 3824 autem

135 3848 296 3911 exercitus
320 3846 526 3930 septingenta
545 3847 700 3931 peditum,
724 3846 869 3930 equitum
888 3845 1106 3930 quadraginta
1128 3846 1219 3913 milia
1236 3849 1307 3914 fue-

133 3939 219 4000 runt.
256 3933 355 4000 Cuius
380 3934 419 3999 de
443 3935 583 4001 adventu
607 3958 679 4001 eum
701 3934 790 3999 fama
812 3933 847 3997 in
871 3932 1039 3999 Graeciam
1064 3939 1150 4000 esset
1170 3937 1342 4021 perlatas

132 4023 360 4106 Athenienses,
379 4024 434 4107 qui
454 4025 593 4088 maxime
611 4024 680 4108 peti
695 4022 876 4087 dicerentur
893 4028 1027 4107 propter
1045 4045 1188 4109 pugnam
1202 4024 1306 4090 Mara·

130 4112 292 4196 thoniam,
315 4111 460 4195 Delphos
484 4113 643 4177 miserunt
665 4112 858 4196 consultum,
882 4111 1034 4196 quidnam
1059 4112 1213 4177 derebus
1239 4113 1306 4178 suis

173 4286 194 4353 ¹)
214 4282 307 4339 Ordiri
317 4284 448 4339 transitis
458 4283 692 4355 vennianus.
747 4285 854 4357 gabaat
871 4286 996 4353 werden,
1020 4285 1063 4340 bia
1082 4284 1128 4340 die
1151 4285 1221 4339 Zahl
1245 4287 1307 4342 der·

170 4355 194 4424 ²)
212 4356 249 4411 Es
267 4355 371 4415 solitar
386 4354 511 4425 jehrlich
529 4361 563 4411 20
578 4356 694 4412 Trieren
748 4356 844 4412 selben
862 4356 914 4413 aul
929 4361 981 4412 200
999 4356 1137 4426 gebracht
1154 4360 1238 4413 utre.
