3028 4908
336 190 348 225 Ι

498 268 598 324 XVIII.
626 268 809 324 EUMENES.
834 274 958 324 10-12.
1271 270 1313 335 69

140 452 203 516 que
222 430 309 494 diem
327 452 426 494 unum
446 432 613 515 opperitur
632 431 673 496 ad
687 430 909 495 lassitudinem
931 430 1105 495 sedandam
1124 430 1314 520 militum²⁵)

140 541 179 585 ac
201 518 376 583 reficienda
397 518 552 605 iumenta,
575 541 638 605 quo
661 518 840 603 integriore
864 521 1004 585 exercitu
1027 519 1218 585 decerneret.

230 607 271 671 X.
295 605 348 671 Sic
361 606 525 675 Eumenes
543 608 697 673 callidum
710 607 941 692 imperatorem
958 608 1095 673 consilio
1108 609 1188 674 vicit
1203 609 1311 673 celeri-
1335 627 1347 672 1

138 699 306 780 tatemque
330 695 398 759 eius
421 695 600 779 impedivit,
621 717 725 779 neque
747 700 858 761 tamen
882 698 1021 761 multum
1044 695 1190 780 profecit
1226 695 1348 762 Numa

140 784 265 849 invidia
306 782 436 863 ducum,
472 806 545 849 cum
586 784 703 869 quibus
741 789 826 861 erat,
867 785 1064 873 perfidiaque
1098 784 1313 851 Macedonum

138 876 380 955 veteranorum,
394 892 467 936 cum
482 874 628 958 superior
636 873 761 957 proelio
775 873 987 958 discessisset,
996 872 1166 956 Antigono
1181 876 1224 955 [a.
1233 874 1311 956 315]

138 965 192 1026 est
220 960 357 1026 deditus.
403 959 559 1036 Quamvis
591 962 679 1026 enim
710 961 869 1026 exercitus
902 961 932 1027 ei
963 967 1013 1027 ter
1046 966 1122 1027 ante
1154 964 1312 1045 separatis

138 1048 342 1133 temporibus
375 1047 582 1114 defensurum
615 1071 648 1114 se
682 1071 755 1114 eum
787 1072 891 1134 neque
923 1072 1076 1134 umquam
1112 1050 1313 1116 deserturum

137 1137 294 1222 iurasset,
316 1140 411 1201 tanta
433 1135 498 1202 fuit
519 1139 748 1205 nonnullorum
771 1138 901 1203 virtutis
926 1138 1132 1215 obtrectatio,
1157 1142 1194 1203 ut
1215 1139 1312 1205 fidem

138 1227 291 1291 amittere
318 1226 455 1290 mallent
483 1248 580 1310 quam
608 1248 681 1292 eum
708 1248 775 1291 non
799 1227 940 1311 perdere.
986 1228 1094 1311 Atque
1117 1226 1348 1313 Antigonus,u

137 1336 213 1380 cum
236 1315 266 1378 ei
289 1313 406 1378 fuisset
429 1313 669 1399 infestissimus,
691 1319 817 1400 tamem
839 1317 947 1399 siper
970 1337 1046 1381 suos
1069 1319 1155 1380 esset
1176 1316 1312 1400 licitum,

138 1405 375 1485 conservasset,
394 1401 479 1487 quod
499 1403 541 1467 ab
558 1404 650 1468 nullo
674 1426 708 1469 se
726 1404 800 1487 plus
819 1403 965 1468 adiuvari
982 1425 1078 1487 posse
1099 1405 1313 1489 intellegebat

137 1491 174 1555 in
198 1490 239 1556 iis
263 1491 370 1574 rebus,
393 1512 473 1574 quas
496 1492 683 1576 impendere
700 1493 767 1556 iam
792 1493 970 1576 apparebat
992 1493 1034 1557 ab
1053 1493 1211 1557 omnibus.
1247 1491 1310 1557 Im-

138 1579 310 1644 minebant
334 1578 419 1643 enim
443 1577 606 1663 Seleucus,
624 1578 848 1665 Lysimachus,
866 1580 1085 1665 Ptolemaeus,
1108 1581 1223 1666 opibus
1245 1581 1311 1646 iam

136 1669 298 1751 valentes,
326 1689 399 1733 cum
428 1669 544 1752 quibus
572 1668 603 1732 ei
630 1668 670 1733 de
699 1670 834 1734 summis
861 1670 958 1733 rebus
987 1673 1058 1734 erat
1084 1669 1310 1734 dimicandum.

137 1754 202 1821 Sed
229 1756 309 1820 illud
337 1776 404 1820 non
431 1756 522 1839 passi
550 1762 640 1839 sunt,
668 1760 724 1841 qui
746 1758 831 1823 circa
853 1761 959 1840 erant,
989 1758 1075 1842 quod
1096 1758 1242 1823 Eumene
1264 1776 1347 1824 re-4

137 1849 233 1928 cepto
258 1865 371 1910 omnes
394 1866 429 1908 se
452 1866 530 1928 prae
554 1845 613 1911 illo
635 1847 728 1931 parvi
750 1847 878 1912 futuros
902 1846 1063 1912 videbant.
1104 1846 1179 1931 Ipse
1202 1849 1311 1912 autem

135 1932 326 2017 Antigonus
349 1931 429 1997 adeo
453 1937 526 1998 erat
545 1934 707 2018 incensus,
729 1939 767 1999 ut
789 1936 852 2001 nisi
874 1956 996 2020 magna
1017 1958 1074 2019 spe
1096 1936 1310 2001 maximarum

136 2043 247 2086 rerum
269 2021 365 2086 leniri
387 2042 453 2085 non
475 2028 595 2106 posset.

225 2108 283 2174 XI.
304 2108 422 2193 Itaque
441 2131 479 2174 eo
498 2110 534 2175 in
553 2111 734 2175 custodiam
749 2111 835 2188 dato,
851 2134 923 2177 oum
938 2112 1121 2195 praefectus
1140 2113 1310 2178 custodum
1331 2131 1345 2179 1

136 2198 332 2283 quaesisset,
368 2198 637 2282 quemadmodum
671 2197 840 2286 servarim)
872 2201 983 2283 vellet,
1020 2199 1069 2264 ‘ut
1105 2200 1311 2265 acerrimum'

135 2287 244 2371 inquit
271 2285 412 2351 ‘leonem
440 2290 497 2351 aut
523 2287 760 2352 ferocissimum
791 2287 1025 2372 elephantum':
1052 2288 1197 2354 nondum
1223 2290 1309 2353 enim

136 2378 307 2459 statuerat,
320 2378 528 2441 conservaret
542 2398 616 2440 eum
634 2398 743 2441 necne.
771 2376 934 2442 Veniebat
949 2381 1059 2441 autem
1077 2375 1118 2440 ad
1130 2376 1309 2441 Eumenem
1329 2395 1345 2442 2

135 2467 309 2547 utrumque
328 2484 431 2548 genus
449 2464 627 2549 hominum,
648 2465 750 2549 etqui
767 2470 900 2550 propter
919 2465 1027 2530 odium
1046 2465 1188 2530 fructum
1207 2463 1309 2530 oculis

136 2574 177 2616 ex
200 2553 269 2616 eius
291 2573 368 2616 casu
392 2572 505 2637 capere
528 2552 661 2636 vellent,
684 2559 717 2617 et
735 2554 790 2637 qui
807 2558 942 2639 propter
965 2557 1108 2618 veterem
1132 2554 1309 2618 amicitiam

136 2640 279 2724 colloqui
298 2640 520 2724 consolarique
539 2646 704 2725 cuperent:
725 2644 821 2707 multi
841 2643 940 2707 etiam
958 2642 1097 2707 formam
1117 2663 1309 2726 cognoscere

136 2728 324 2813 studebant,
347 2730 452 2813 qualis
474 2730 502 2793 is
526 2735 623 2814 esset,
646 2751 742 2814 quem
759 2734 828 2795 tam
851 2730 947 2796 valde
965 2730 1161 2810 timuissent,
1183 2733 1220 2794 ut
1241 2731 1309 2794 eius

135 2817 170 2882 in
197 2818 342 2903 pernicie
369 2819 509 2901 positam
540 2839 633 2900 spem
661 2818 821 2884 haberent
843 2819 1007 2885 victoriae.
1053 2817 1115 2884 Sed
1136 2818 1344 2901 Eumenes,3

135 2926 210 2970 cum
243 2906 363 2970 diutius
395 2906 430 2970 in
461 2907 597 2972 vinculis
628 2911 728 2990 esset,
761 2909 808 2973 ait
836 2907 1055 2991 Onomarcho,
1087 2928 1186 2992 penes
1215 2928 1310 2992 quem

136 3016 265 3059 summa
288 2998 359 3059 erat
382 2995 557 3079 custodiae,
579 2996 692 3061 mirari
715 3019 758 3076 se,
786 3018 886 3081 quare
909 2997 973 3062 iam
996 2996 1129 3061 tertium
1153 2997 1236 3061 diem
1262 2997 1309 3061 sic

135 3085 313 3147 teneretur:
336 3104 403 3147 non
427 3083 515 3147 enim
538 3084 601 3148 hoe
624 3086 794 3151 convenire
808 3085 968 3170 Antigoni
986 3084 1186 3169 prudentiae,
1208 3088 1245 3149 ut
1264 3085 1309 3149 sic

135 3170 325 3236 abuteretur
351 3172 453 3236 victo:
486 3172 563 3255 quin
592 3179 649 3236 aut
675 3173 814 3238 interfici
842 3178 899 3238 aut
922 3174 1055 3238 missum
1083 3174 1154 3238 fieri
1176 3173 1311 3239 iuberet.

135 3258 199 3335 Qui
223 3280 296 3323 cum
318 3259 456 3324 ferocius
483 3260 573 3343 loqui
594 3260 771 3346 videretur,
794 3259 1016 3327 Onomarchus
1039 3259 1151 3345 ‘quidi
1180 3259 1238 3347 tu',
1261 3260 1345 3325 in-4

135 3347 224 3431 quit,
245 3345 418 3412 ‘animosi
441 3348 506 3412 isto
530 3370 615 3433 eras,
644 3371 700 3414 eur
723 3351 847 3415 nonin
870 3350 994 3434 proelio
1024 3350 1167 3415 cecidisti
1190 3350 1309 3433 potius,

135 3457 233 3519 quam
262 3436 296 3500 in
323 3439 520 3519 potestatem
543 3437 665 3502 inimici
692 3437 875 3504 venires'?·
900 3435 961 3503 Oui
982 3439 1146 3504 Eumenes
1170 3436 1344 3502 ‘utinamc

135 3523 266 3609 quidem
292 3523 380 3587 istud
409 3526 582 3590 evenisset!
612 3526 667 3589 sed
697 3549 734 3592 eo
762 3549 829 3592 non
858 3526 987 3609 accidit,
1018 3526 1103 3610 quod
1131 3547 1309 3609 numquam

133 3635 208 3677 cum
231 3612 366 3677 fortiore
394 3635 466 3677 sum
489 3634 695 3698 congressus:
722 3636 789 3680 non
816 3616 902 3679 enim
931 3637 1003 3679 eum
1031 3635 1194 3699 quoquam
1218 3635 1309 3678 arma

133 3700 267 3783 contuli,
291 3701 369 3785 quin
392 3702 473 3766 mihi
497 3701 724 3768 succubuerit’.

223 3787 297 3853 XII.
328 3788 450 3854 Verum
473 3789 659 3875 Antigonus
683 3791 721 3855 de
745 3812 784 3856 eo
814 3812 886 3856 cum
910 3793 998 3856 solus
1024 3793 1218 3856 constituere
1241 3813 1308 3856 non
1329 3807 1342 3854 1

133 3877 280 3960 auderet,
307 3877 349 3941 ad
376 3879 550 3943 consilium
577 3879 714 3944 rettulit.
761 3879 882 3944 Omnes
910 3880 1018 3963 primo
1046 3880 1228 3962 perturbati
1254 3880 1308 3945 ad·

132 3965 352 4050 mirabantur,
379 3988 445 4032 non
468 3968 534 4033 iam
557 3967 596 4032 de
619 3989 658 4033 eo
682 3973 847 4052 sumptum
870 3989 941 4032 esse
965 3970 1172 4053 supplicium,
1201 3991 1220 4033 a
1243 3990 1308 4052 quo

133 4057 186 4119 tot
210 4076 313 4119 annos
338 4053 418 4120 adeo
442 4061 551 4121 essent
574 4057 659 4121 male
676 4056 792 4135 habiti,
815 4061 852 4121 ut
870 4078 966 4140 saepe
991 4057 1032 4122 ad
1051 4057 1308 4140 desperationem

134 4142 247 4208 forent
270 4142 410 4228 adducti,
433 4145 551 4228 quique
574 4145 732 4210 maximos
757 4141 898 4231 duces2⁷)
922 4145 1147 4228 interfecisset,
1170 4144 1343 4228 deniqueu

171 4280 206 4349 ²⁶)
225 4282 308 4336 Anm.
327 4299 361 4335 au
379 4280 461 4337 Ham.
480 4283 545 4352 1‚a.
572 4282 694 4336 Militum
749 4301 781 4339 eo
814 4284 844 4337 in
876 4282 1033 4339 custodiam
1072 4283 1138 4337 dato
1176 4301 1209 4336 au
1246 4284 1308 4337 ent-

130 4350 224 4407 bildet
242 4351 491 4422 einenGegensatz
508 4371 542 4407 au
559 4352 694 4410 iumenta.
747 4353 877 4409 nehmen.

169 4421 205 4492 ²⁶)
224 4421 281 4477 Das
301 4423 378 4493 Subj.
402 4442 436 4478 aa
456 4423 561 4478 servari
586 4423 625 4478 ist
643 4441 694 4478 aus
785 4423 820 4495 ²⁷)
838 4425 968 4480 Craterus
987 4425 1044 4478 und
1062 4423 1271 4493 Neoptolemus.
