3028 4908
348 211 396 266 ΙΙΙ.
419 209 619 267 ARISTIDES.
639 215 664 266 2.
679 215 704 266 3.
741 209 788 267 IV.
811 209 1023 266 PAUSANIAS.
1044 215 1068 265 1.
1252 210 1294 275 13

121 374 205 438 sium
238 373 324 456 apud
353 372 503 437 Plataeas
535 372 592 437 illo
624 372 763 457 proelio,
792 393 856 456 quo
888 373 1101 438 barbarorum
1134 374 1294 439 exercitus

120 461 211 526 fusus
235 466 268 526 et
290 460 478 526 Mardonius
501 460 690 526 interfectus
713 466 772 526 est.
817 460 931 546 Neque
954 460 1021 526 fere
1045 460 1133 526 eliud
1158 463 1198 545 [a.
1211 462 1329 544 479]a

119 553 171 615 est
192 550 295 614 ullum
318 550 386 614 eius
408 550 443 612 in
465 570 501 613 re
523 549 659 614 militari
681 550 809 615 illustre
833 550 972 632 factum,
993 550 1137 615 iustitiae
1160 572 1236 615 vero
1260 556 1295 616 et

119 636 293 721 aequitatis
317 641 351 702 et
371 637 577 704 innocentiae
600 637 713 721 multa,
736 638 912 722 inprimis,
936 638 1021 723 quod
1040 638 1108 703 eius
1129 639 1293 724 aequitate

118 726 244 791 factum
272 730 336 812 est,
363 748 436 791 cum
463 726 498 790 in
525 727 689 791 communi
718 727 821 791 classe
850 731 936 791 esset
964 725 1118 792 Graeciae
1152 728 1194 807 [a.
1211 728 1293 808 477]

119 815 216 879 simul
248 836 322 879 cum
349 813 526 897 Pausania,
555 835 618 898 quo
652 813 730 879 duee
752 815 942 880 Mardonius
975 817 1046 879 erat
1077 815 1227 900 fugatus,
1258 819 1295 880 ut

119 923 245 967 summa
272 903 401 987 imperii
433 902 591 966 maritimi
623 904 663 967 ab
697 902 962 969 Lacedaemoniis
991 904 1221 968 transferretur
1253 904 1293 970 ad

118 990 347 1056 Athenienses:
377 1012 518 1075 namque
547 993 622 1055 ante
645 991 678 1055 id
702 996 831 1076 tempus
855 997 889 1056 et
916 993 999 1057 mari
1021 995 1054 1056 et
1081 996 1169 1057 terra
1197 993 1327 1057 ducese

119 1082 213 1144 erant
231 1079 487 1145 Lacedaemonii.
532 1077 616 1142 Tum
643 1083 751 1144 autem
775 1085 808 1145 et
834 1080 1087 1166 intemperantia
1111 1080 1314 1146 Pausaniae

118 1169 150 1231 ct
168 1166 295 1233 iustitia
313 1168 435 1232 factum
454 1170 505 1232 est
518 1166 685 1252 Aristidis,
703 1173 741 1232 ut
756 1190 866 1233 omnes
884 1170 952 1234 fere
971 1170 1119 1235 civitates
1135 1167 1293 1234 Graeciae

118 1255 159 1319 ad
187 1256 437 1320 Atheniensium
464 1256 652 1320 societatem
680 1277 713 1320 se
742 1257 944 1340 applicarent
972 1262 1006 1322 et
1032 1258 1094 1322 hos
1122 1258 1185 1322 sibi
1214 1258 1294 1322 deli-

119 1348 235 1426 gerent
258 1343 411 1409 adversus
435 1345 592 1409 barbaros
615 1345 720 1409 duces.

204 1431 264 1497 ΠΙ.
309 1432 396 1509 Quos
426 1454 489 1517 quo
518 1431 647 1497 facilius
676 1432 762 1498 bello
790 1437 1073 1518 persequerentur,
1100 1433 1142 1498 ad
1172 1434 1327 1500 classesr

116 1519 332 1586 aedificandas
351 1523 572 1605 exercitusque
587 1521 822 1605 comparandos
837 1525 996 1608 quantum
1010 1543 1155 1606 quaeque
1174 1523 1291 1587 civitas

114 1609 271 1693 pecuniae
293 1609 393 1694 daret,
416 1609 577 1675 Aristides
602 1609 745 1674 delectus
768 1612 894 1694 estqui
913 1611 1135 1694 constitueret,
1159 1610 1292 1694 eiusque

116 1697 253 1762 arbitrio
286 1698 508 1783 quadringena
540 1701 573 1763 et
605 1719 767 1784 sexagena
803 1700 927 1765 talenta
966 1699 1141 1785 quotannis
1174 1698 1291 1764 Delum

117 1791 194 1851 sunt
212 1787 348 1854 collata:
371 1786 405 1850 id
424 1787 512 1851 enirn
531 1808 701 1852 commune
720 1788 880 1853 aerarium
899 1809 970 1852 esse
989 1788 1169 1853 voluerant.
1202 1786 1291 1863 Quae

110 1864 224 1940 'omnis
243 1875 381 1959 pecunia
398 1879 531 1959 postero
550 1872 729 1962 temporel)
747 1875 894 1941 Athenas
913 1876 1073 1941 translata
1092 1880 1152 1951 est.
1181 1875 1291 1959 Atque
1311 1890 1327 1938 a

115 1961 173 2026 ille
197 1985 261 2047 qua
282 1964 382 2028 fuerit
405 1964 613 2048 abstinentia,
635 1964 762 2029 nullum
785 1968 836 2029 est
859 1966 977 2029 certius
1000 1964 1166 2047 indicium,
1192 1986 1290 2048 quam

116 2051 213 2133 quod,
227 2073 300 2116 cum
318 2053 422 2117 tantis
436 2053 534 2118 rebus
553 2053 755 2135 praefuisset,
773 2054 808 2116 in
826 2056 921 2120 tauta
937 2057 1128 2138 paupertate
1142 2052 1290 2136 decessit,

116 2142 154 2203 ut
177 2139 233 2225 qui
256 2140 424 2205 efferretur
446 2141 500 2206 vix
521 2142 696 2224 reliquerit.
741 2140 810 2217 Quo
834 2142 957 2207 factum
980 2146 1031 2206 est
1053 2146 1090 2207 ut
1111 2141 1198 2206 filiae
1222 2142 1291 2206 eius
1311 2157 1327 2205 3

114 2227 245 2311 publice
278 2228 442 2295 alerentur
468 2234 501 2295 et
530 2229 569 2294 de
601 2230 766 2294 communi
795 2231 919 2296 aerario
949 2231 1080 2296 dotibus
1109 2229 1194 2294 datis
1227 2231 1292 2294 col-

114 2318 308 2381 locarentur.
342 2318 491 2384 Decessit
509 2321 619 2383 autem
641 2318 709 2383 fere
730 2321 808 2402 post
831 2341 950 2384 annum
974 2323 1134 2404 quartum,
1158 2319 1291 2399 [a473]

115 2426 214 2488 quam
237 2406 470 2472 Themistocles
493 2407 631 2472 Athenis
656 2410 727 2472 erat
750 2409 910 2490 expulsus.

513 2725 575 2799 IV.
615 2725 899 2803 PAUSANIAS.

205 2862 230 2928 I.
274 2863 453 2929 Pausanias
480 2863 755 2931 Lacedaemonius
787 2887 926 2951 magnus
953 2865 1066 2944 homo,
1094 2864 1151 2929 sed
1179 2865 1288 2930 varius
1310 2883 1325 2931 1

116 2954 152 3017 in
181 2954 269 3017 omui
300 2974 418 3038 genere
449 2953 536 3018 ritae
564 2953 640 3018 fuit:
672 2976 748 3019 nam
776 2958 814 3019 ut
840 2955 1015 3021 virtutibus
1049 2954 1213 3038 elucebat,
1244 2955 1291 3018 sie

114 3040 206 3107 vitiis
229 3042 434 3107 obruebatur.
471 3040 534 3106 Est
553 3046 659 3107 autem
681 3044 749 3109 eius
767 3044 1027 3108 illustrissimum
1050 3042 1132 3106 illud
1157 3044 1199 3123 [a.
1209 3043 1288 3123 479]
1309 3060 1325 3108 a
1432 3055 1435 3059 ’

115 3129 202 3213 apud
216 3130 366 3195 Plataeas
384 3130 553 3212 proelium.
583 3129 732 3216 Namque
750 3132 809 3197 illo
828 3133 907 3198 duce
922 3131 1123 3214 Mardonius,
1141 3133 1290 3214 satrapes

116 3219 240 3304 regius,
263 3220 365 3303 ipsius
388 3216 482 3283 Darii
504 3219 591 3303 regis
614 3240 728 3305 gener,
750 3222 786 3287 in
808 3221 922 3305 primis
945 3221 1093 3285 omnium
1116 3218 1290 3284 Persarum

116 3310 150 3370 et
172 3307 390 3373 manufortis
413 3311 447 3371 et
470 3307 599 3374 consilii
622 3309 751 3394 plenus,
775 3331 848 3374 cum
872 3310 1018 3374 ducentis
1040 3308 1171 3373 milibus
1202 3308 1291 3391 pedi·

114 3399 185 3459 tum
193 3392 229 3480 l),
251 3418 332 3479 quos
350 3395 473 3460 viritim
491 3398 625 3482 legerat,
644 3401 677 3462 et
694 3399 812 3482 viginti
832 3399 978 3484 equitum
996 3397 1084 3462 haud
1103 3397 1150 3460 ita
1169 3417 1290 3480 magna

116 3505 215 3548 manu
244 3481 398 3549 Graeciae
425 3485 558 3569 fugatus
587 3489 652 3570 est,
677 3508 778 3571 eoque
807 3488 879 3571 ipse
902 3486 1017 3552 eccidit
1047 3485 1180 3569 proelio.
1227 3482 1325 3550 seda

114 3572 256 3654 primum
283 3572 317 3638 in
346 3595 384 3638 eo
413 3576 463 3637 est
491 3574 718 3659 reprehensus,
747 3576 846 3659 quod,
875 3597 948 3641 eum
976 3596 1016 3638 ex
1043 3572 1163 3656 praeda
1190 3572 1290 3655 tripo-

114 3660 188 3724 dem
211 3682 344 3727 aureum
367 3661 504 3744 Delphis
531 3664 708 3748 posuisset,
731 3665 933 3748 epigramma
962 3661 1145 3745 inscripsit,
1167 3660 1202 3724 in
1226 3682 1288 3744 quo

113 3748 194 3814 haec
222 3752 293 3815 erat
320 3751 496 3815 sententia:
523 3772 581 3815 suo
610 3752 708 3816 ductu
734 3752 893 3817 barbaros
922 3751 1008 3834 apud
1035 3748 1188 3814 Plataeas
1217 3771 1289 3814 esse

113 3941 181 3996 eche
195 3942 355 4011 Beeataung
369 3941 419 3997 der
432 3942 506 3997 nahe
519 3943 674 4012 gelegenen
768 3942 788 4011 ¹)
813 3942 918 3997 Xerxes
936 3942 1017 3997 hatte
1034 3941 1084 3995 ibn
1103 3941 1156 3996 mit
1173 3946 1289 3997 300000

113 4011 314 4067 kleinenlnsel
324 4013 471 4082 Psyttalea
483 4012 541 4068 und
552 4015 674 4069 besetate
727 4014 815 4067 Maon
832 4012 1077 4082 aurfiekgelassen
1113 4011 1189 4066 Aber
1208 4012 1289 4066 einen

114 4082 250 4151 disselbe‚
274 4084 409 4140 wodurch
431 4084 477 4139 die
505 4083 674 4154 Niederlage
729 4084 792 4140 'leil
819 4085 868 4140 des
901 4083 1020 4152 Haeres,
1052 4084 1107 4139 den
1133 4082 1289 4137 Artabazus

114 4153 165 4208 der
195 4154 358 4224 persischen
385 4155 479 4210 Plotte
511 4156 585 4211 noch
613 4157 674 4210 ent-
727 4154 897 4225 befehligte‚
925 4154 986 4211 liefs
1015 4154 1106 4209 dieser
1133 4170 1185 4223 gar
1210 4153 1290 4207 nieht

114 4224 300 4280 scheidender
317 4226 420 4282 wurde.
727 4244 791 4281 aum
828 4225 948 4296 Kampfs
984 4227 1132 4293 hammon,
1170 4225 1289 4278 scudem

152 4294 175 4363 ¹⁵)
201 4294 290 4351 Unter
326 4295 376 4350 der
404 4295 588 4366 Verwaltung
625 4297 674 4352 des
726 4297 821 4352 fr'ihrte
841 4296 891 4352 ibn
908 4295 1074 4366 reehtaeitig
1087 4296 1123 4351 ab
1138 4295 1211 4349 nach
1225 4295 1289 4349 dem

113 4365 246 4421 Pericles.
726 4368 904 4439 Hellespont
