3028 4908
533 244 741 300 PRAEFATIO
760 243 939 300 EDITORIS.
1285 242 1312 297 V

140 408 323 491 accepimns
342 408 481 473 vitarum
503 407 649 472 ordinem
672 407 801 472 institui
824 411 857 471 et
879 408 914 471 in
931 406 1077 492 margine
1096 429 1207 491 annos,
1229 429 1311 490 quos

141 515 271 599 quidem
294 536 352 597 pro
376 521 464 578 certo
489 536 597 579 eruere
620 514 793 598 potuerim,
815 514 925 578 adieci.

233 618 267 708 7)
291 619 450 704 Datamis,
473 618 597 702 Dionis,
621 619 845 703 Timoleontis,
865 619 1022 685 Eumenis
1045 621 1132 685 vitas
1155 623 1192 684 ut
1214 620 1312 684 nimis

141 728 324 793 reconditas
343 729 377 792 et
395 727 436 791 ab
454 726 558 791 initiis
578 726 769 810 disciplinae
786 726 963 791 historicae
982 726 1105 792 alienas
1127 730 1164 790 ut
1182 725 1312 790 omitte-

141 855 218 917 rem,
241 833 432 918 praesertim
456 854 527 897 cum
546 832 745 897 accuratiore
768 854 876 897 rerum
900 832 1115 918 descriptione
1136 832 1313 896 eminerent

141 962 244 1024 neque
276 940 450 1025 quidquam
476 940 647 1024 haberent,
675 938 760 1023 quod
792 938 833 1004 ad
864 940 1023 1024 puerilem
1056 939 1311 1022 intellegentiam

141 1069 206 1112 non
234 1047 434 1130 conveniret,
467 1069 486 1110 a
513 1068 565 1110 me
593 1046 767 1130 impetrare
799 1068 865 1111 non
896 1047 1004 1131 potui,
1035 1069 1138 1131 neque
1169 1067 1245 1110 vero
1275 1048 1313 1109 ut

142 1156 274 1236 propter
296 1173 403 1216 rerum
427 1152 468 1216 ab
491 1152 572 1236 ipsis
596 1155 761 1236 gestarum
785 1152 980 1236 gravitatem
1003 1155 1060 1217 ant
1078 1151 1234 1216 Periclem
1258 1151 1313 1214 ad·

2 1322 4 1355 )
140 1260 259 1324 icerem
283 1262 340 1322 aut
358 1257 513 1322 Aristidis
532 1257 747 1322 Phocionisve
769 1259 853 1321 vitas
878 1257 1080 1342 adaugerem.
1112 1257 1258 1322 Vetabat
1279 1256 1313 1320 id

3 1398 5 1419 1
139 1365 213 1429 fieri
234 1365 324 1443 illud,
347 1365 431 1448 quod
453 1363 594 1447 primum
617 1362 700 1427 mihi
717 1384 960 1447 proposueram,
979 1366 1016 1427 ut
1038 1363 1195 1428 librorum
1215 1384 1313 1447 quam

141 1468 390 1555 diligentissime
419 1471 648 1535 auctoritatem
677 1472 806 1534 secutus
833 1457 972 1534 latinum
1003 1469 1194 1553 scriptorem
1215 1469 1314 1533 inter·

141 1580 293 1661 preterer,
311 1598 378 1642 non
399 1582 469 1660 ipse
491 1577 621 1661 ingenio
643 1573 815 1660 indulgens
834 1576 919 1640 vitas
943 1575 1187 1641 conscriberem.
1229 1572 1313 1648 Quid

143 1684 228 1766 quod
247 1705 330 1768 eum,
344 1683 399 1767 qui
418 1688 475 1748 aut
493 1683 675 1748 accuratius
689 1681 843 1747 Aristidis
862 1704 913 1747 res
929 1683 1089 1767 explicare
1108 1685 1165 1745 ant
1179 1681 1312 1746 Periclis

142 1810 250 1852 rerum
272 1790 324 1853 111
351 1811 511 1854 summam
539 1789 701 1873 attingere
723 1789 874 1873 voluerit,
900 1791 1085 1854 contextam
1107 1807 1238 1853 necesse
1262 1793 1313 1852 eat

141 1894 270 1959 illorum
297 1898 481 1978 temporum
503 1894 674 1959 historiam
698 1894 863 1976 exhibere,
889 1893 924 1958 id
952 1893 1037 1977 quod
1059 1892 1171 1978 Nepos
1200 1914 1234 1958 se
1256 1914 1313 1958 no·

141 2001 241 2088 luisse
264 1988 374 2085 aperte
397 1999 476 2065 dicit
500 1997 623 2085 (Pelop.
641 1997 667 2083 I,
689 1997 747 2086 1)?
784 1996 914 2064 Scilicet
937 2000 979 2065 ob
1002 1999 1065 2065 hoc
1088 2001 1204 2084 ipsum,
1227 1999 1315 2083 quod

140 2106 258 2170 leviter
289 2105 529 2189 tantummodo,
562 2106 667 2190 qualis
700 2107 834 2190 quisquc
866 2105 966 2172 fuerit
994 2112 1028 2173 11
1054 2128 1136 2191 quae
1166 2106 1313 2190 gesserit,

141 2211 388 2298 perstringitur,
419 2213 607 2297 aptissimae
641 2214 719 2276 sunt
749 2213 831 2277 istae
859 2213 959 2295 vitae,
989 2235 1071 2297 quae
1099 2235 1119 2277 a
1146 2213 1312 2296 quartanis

141 2319 262 2383 nostris
285 2319 443 2403 legantur.
475 2320 521 2384 At
542 2320 634 2384 illum
658 2319 697 2383 de
719 2319 852 2404 regibus
870 2319 977 2384 locum
998 2322 1031 2383 et
1049 2320 1151 2384 vitam
1170 2317 1314 2402 Catonis,

141 2425 252 2488 111111
276 2424 372 2488 exilia
394 2430 428 2490 et
449 2426 561 2490 inania
584 2426 635 2490 vel
662 2448 701 2490 ex
724 2426 787 2490 alio
811 2423 949 2508 Nepotis
976 2425 1062 2490 libro
1086 2425 1258 2508 desumpta
1280 2427 1314 2488 11

140 2551 310 2613 perperam
328 2530 417 2594 hisce
435 2531 470 2593 in
488 2531 565 2595 vitis
583 2531 713 2613 tradita,
730 2530 870 2594 libenter
888 2529 1000 2593 abieci.
1036 2528 1183 2593 Atticum
1202 2532 1313 2593 tamen

141 2638 220 2700 item
253 2636 292 2699 de
323 2635 488 2700 historicis
520 2635 633 2700 latinis
664 2635 903 2719 depromptum,
935 2656 1007 2699 cum
1039 2638 1172 2720 propter
1203 2657 1312 2699 rernm

140 2740 388 2806 utilissimarum
416 2741 541 2824 copiam
575 2744 607 2805 et
634 2742 866 2807 accuratiorem
894 2741 1057 2826 quandam
1085 2743 1313 2807 tractationem

141 2867 206 2912 non
230 2848 298 2911 sine
326 2846 434 2911 fructu
455 2847 593 2930 privatis
618 2846 733 2912 stadiis
756 2869 776 2911 a
798 2848 989 2913 secundanis
1018 2848 1085 2934 legi
1106 2870 1204 2931 posse
1227 2847 1314 2914 vide-

141 2959 239 3037 retur,
262 2953 297 3017 in
320 2952 496 3037 appendice
518 2953 720 3019 retinendum
743 2954 865 3038 putavi.

230 3059 265 3146 8)
287 3059 328 3124 In
351 3059 553 3145 singulorum
575 3061 806 3126 vocabulorum
835 3060 994 3144 scriptura
1017 3059 1058 3125 ad
1086 3059 1222 3126 eandem
1244 3061 1312 3126 fere

141 3189 238 3251 quam
266 3166 366 3231 Halm
394 3163 539 3250 (Lipsiae
568 3166 669 3253 1871)
697 3167 857 3232 rationem
887 3189 940 3232 me
968 3167 1138 3250 applicavi.
1189 3167 1312 3233 Tamen

141 3273 225 3358 quod
253 3272 520 3358 diligentissimus
551 3273 606 3340 hic
637 3275 798 3358 interpres
826 3273 859 3339 id
885 3273 994 3358 potius
1022 3274 1242 3358 laboraverat,
1275 3281 1313 3340 ut

140 3380 335 3464 optimorum
367 3379 513 3446 codicum
541 3381 736 3465 scripturam
767 3383 914 3449 accurate
942 3380 1121 3465 exhiberet,
1150 3403 1248 3465 quam
1276 3387 1313 3446 ut

140 3489 231 3552 certa
258 3485 415 3570 quaedam
441 3487 657 3551 recentiorum
684 3487 973 3570 grammaticorum
999 3490 1172 3570 praecepta
1186 3507 1312 3570 ‘seque

141 3596 238 3675 retur,
261 3592 341 3656 mihi
365 3595 474 3656 autem
496 3592 531 3655 in
548 3592 633 3657 libro
657 3590 698 3655 ad
716 3614 887 3675 puerorum
906 3614 1001 3657 usum
1021 3592 1167 3657 confecto
1191 3594 1311 3659 rectius

141 3698 310 3763 videbatur
327 3701 499 3782 praecepta
517 3719 643 3782 semper
661 3698 724 3763 sibi
743 3700 927 3764 constantia
945 3701 1056 3763 tenere
1070 3720 1168 3782 quam
1187 3700 1312 3765 variam

141 3804 348 3870 librariorum
371 3805 636 3869 consuetudinem
658 3804 794 3889 tradere,
818 3806 1011 3891 aliquotiens
1035 3805 1076 3870 ab
1100 3805 1157 3870 illo
1182 3809 1310 3872 recessi.

231 3909 333 3994 Haec,
355 3932 436 3995 quae
460 3912 608 3995 exposui,
636 3916 795 3995 quatenus
823 3916 909 3978 recte
932 3913 1154 3997 spectaverim,
1178 3916 1211 3977 et
1233 3935 1311 3998 qua·

141 4021 236 4080 tenus
260 4016 300 4080 ad
323 4038 361 4080 ea
384 4018 551 4082 commode
574 4016 735 4102 Nepotem
758 4020 998 4104 perpoliverim,
1020 4020 1189 4084 doctorum
1211 4020 1311 4085 fuerit

141 4122 283 4187 iudicare
307 4143 345 4187 ac
367 4124 505 4188 maxime
529 4146 652 4208 eorum,
676 4125 731 4209 qui
755 4125 819 4210 ipsi
840 4125 875 4189 in
898 4125 1080 4190 erudiendis
1103 4125 1212 4209 pueris
1235 4148 1310 4211 ope·

141 4250 211 4291 ram
234 4229 483 4294 collocaverunt.
520 4226 613 4294 (11111
637 4230 701 4295 illis
725 4231 880 4314 expositis
903 4253 970 4296 non
992 4231 1131 4314 amplius
1155 4252 1237 4315 opus
1261 4237 1312 4297 est

141 4334 255 4418 dicere,
278 4356 335 4399 cur
357 4333 511 4399 Voellreri
534 4334 679 4422 (Lipsiae
701 4336 800 4422 1872)
824 4342 857 4402 11
877 4336 1009 4422 Vogclii
1028 4334 1187 4422 (Berolini
1208 4336 1311 4425 1873)
