<?xml version="1.0" encoding="UTF-8"?>
<!DOCTYPE html PUBLIC "-//W3C//DTD XHTML 1.0 Transitional//EN"
    "http://www.w3.org/TR/xhtml1/DTD/xhtml1-transitional.dtd">
<html xmlns="http://www.w3.org/1999/xhtml" xml:lang="en" lang="en">
 <head>
  <title>
</title>
<meta http-equiv="Content-Type" content="text/html;charset=utf-8" />
  <meta name='ocr-system' content='tesseract 3.04.00' />
  <meta name='ocr-capabilities' content='ocr_page ocr_carea ocr_par ocr_line ocrx_word'/>
</head>
<body>
  <div class='ocr_page' id='page_1' title='image "./corneliinepotis00ortmgoog_0107.png"; bbox 0 0 3028 4908; ppageno 0'>
   <div class='ocr_carea' id='block_1_1' title="bbox 173 177 971 245">
    <p class='ocr_par' dir='ltr' id='par_1_1' title="bbox 173 177 971 245">
     <span class='ocr_line' id='line_1_1' title="bbox 173 177 971 245; baseline 0.004 -14"><span class='ocrx_word' id='word_1_1' title='bbox 173 180 216 245; x_wconf 85' lang='lat'>84</span> <span class='ocrx_word' id='word_1_2' title='bbox 538 177 625 233; x_wconf 83' lang='lat' dir='ltr'>xxn.</span> <span class='ocrx_word' id='word_1_3' title='bbox 652 177 850 234; x_wconf 76' lang='lat' dir='ltr'>naumann.</span> <span class='ocrx_word' id='word_1_4' title='bbox 871 185 971 235; x_wconf 65' lang='lat'>1213.</span> 
     </span>
    </p>
   </div>
   <div class='ocr_carea' id='block_1_2' title="bbox 50 341 1424 3088">
    <p class='ocr_par' dir='ltr' id='par_1_2' title="bbox 173 341 1346 427">
     <span class='ocr_line' id='line_1_2' title="bbox 173 341 1346 427; baseline 0 -19"><span class='ocrx_word' id='word_1_5' title='bbox 173 346 411 427; x_wconf 83' lang='lat' dir='ltr'>conspexerunt</span> <span class='ocrx_word' id='word_1_6' title='bbox 430 341 645 425; x_wconf 80' lang='lat' dir='ltr'><strong>serpentibus,</strong></span> <span class='ocrx_word' id='word_1_7' title='bbox 663 363 748 405; x_wconf 82' lang='lat' dir='ltr'>nova</span> <span class='ocrx_word' id='word_1_8' title='bbox 765 363 799 405; x_wconf 90' lang='lat' dir='ltr'>re</span> <span class='ocrx_word' id='word_1_9' title='bbox 818 341 994 425; x_wconf 73' lang='lat' dir='ltr'>perterriti,</span> <span class='ocrx_word' id='word_1_10' title='bbox 1014 364 1097 423; x_wconf 94' lang='lat' dir='ltr'>cum,</span> <span class='ocrx_word' id='word_1_11' title='bbox 1117 342 1193 425; x_wconf 93' lang='lat' dir='ltr'>quid</span> <span class='ocrx_word' id='word_1_12' title='bbox 1211 344 1346 426; x_wconf 87' lang='lat' dir='ltr'>potissi·</span> 
     </span>
    </p>

    <p class='ocr_par' dir='ltr' id='par_1_3' title="bbox 86 430 1346 516">
     <span class='ocr_line' id='line_1_3' title="bbox 86 430 1346 516; baseline 0.002 -20"><span class='ocrx_word' id='word_1_13' title='bbox 86 506 91 515; x_wconf 26' lang='grc' dir='ltr'>ι</span> <span class='ocrx_word' id='word_1_14' title='bbox 173 454 261 496; x_wconf 91' lang='lat' dir='ltr'>mum</span> <span class='ocrx_word' id='word_1_15' title='bbox 284 432 438 515; x_wconf 76' lang='lat' dir='ltr'>vitarent,</span> <span class='ocrx_word' id='word_1_16' title='bbox 468 451 534 495; x_wconf 93' lang='lat' dir='ltr'>non</span> <span class='ocrx_word' id='word_1_17' title='bbox 558 430 718 511; x_wconf 84' lang='lat' dir='ltr'>viderent,</span> <span class='ocrx_word' id='word_1_18' title='bbox 746 452 870 515; x_wconf 85' lang='lat' dir='ltr'>puppes</span> <span class='ocrx_word' id='word_1_19' title='bbox 894 434 1062 495; x_wconf 88' lang='lat' dir='ltr'>verterunt</span> <span class='ocrx_word' id='word_1_20' title='bbox 1089 452 1187 516; x_wconf 88' lang='lat' dir='ltr'>sequa</span> <span class='ocrx_word' id='word_1_21' title='bbox 1215 432 1257 496; x_wconf 93' lang='lat' dir='ltr'>ad</span> <span class='ocrx_word' id='word_1_22' title='bbox 1286 454 1346 498; x_wconf 88' lang='lat' dir='ltr'>sua</span> 
     </span>
    </p>

    <p class='ocr_par' dir='ltr' id='par_1_4' title="bbox 136 517 1345 782">
     <span class='ocr_line' id='line_1_4' title="bbox 136 517 1344 607; baseline 0.001 -21"><span class='ocrx_word' id='word_1_23' title='bbox 136 537 153 586; x_wconf 56' lang='lat'>‘7</span> <span class='ocrx_word' id='word_1_24' title='bbox 173 525 281 585; x_wconf 89' lang='lat' dir='ltr'>castra</span> <span class='ocrx_word' id='word_1_25' title='bbox 303 520 434 586; x_wconf 88' lang='lat' dir='ltr'>nautica</span> <span class='ocrx_word' id='word_1_26' title='bbox 452 518 654 584; x_wconf 84' lang='lat' dir='ltr'>rettulerunt.</span> <span class='ocrx_word' id='word_1_27' title='bbox 692 517 745 584; x_wconf 84' lang='lat' dir='ltr'>Sic</span> <span class='ocrx_word' id='word_1_28' title='bbox 763 518 931 583; x_wconf 78' lang='lat' dir='ltr'>Hannibal</span> <span class='ocrx_word' id='word_1_29' title='bbox 954 519 1091 584; x_wconf 92' lang='lat' dir='ltr'>consilio</span> <span class='ocrx_word' id='word_1_30' title='bbox 1116 542 1207 585; x_wconf 91' lang='lat' dir='ltr'>arma</span> <span class='ocrx_word' id='word_1_31' title='bbox 1225 519 1344 607; x_wconf 83' lang='lat' dir='ltr'>Perga-</span> 
     </span>
     <span class='ocr_line' id='line_1_5' title="bbox 172 607 1345 693; baseline 0.001 -19"><span class='ocrx_word' id='word_1_32' title='bbox 172 630 340 674; x_wconf 89' lang='lat' dir='ltr'>menorum</span> <span class='ocrx_word' id='word_1_33' title='bbox 360 608 535 693; x_wconf 85' lang='lat' dir='ltr'>superavit,</span> <span class='ocrx_word' id='word_1_34' title='bbox 553 629 656 693; x_wconf 90' lang='lat' dir='ltr'>neque</span> <span class='ocrx_word' id='word_1_35' title='bbox 675 610 745 673; x_wconf 91' lang='lat' dir='ltr'>tum</span> <span class='ocrx_word' id='word_1_36' title='bbox 766 608 882 691; x_wconf 89' lang='lat' dir='ltr'>solum,</span> <span class='ocrx_word' id='word_1_37' title='bbox 897 607 954 673; x_wconf 93' lang='lat' dir='ltr'>sed</span> <span class='ocrx_word' id='word_1_38' title='bbox 972 629 1068 692; x_wconf 84' lang='lat' dir='ltr'>saepe</span> <span class='ocrx_word' id='word_1_39' title='bbox 1088 610 1170 673; x_wconf 89' lang='lat' dir='ltr'>alias</span> <span class='ocrx_word' id='word_1_40' title='bbox 1188 610 1345 693; x_wconf 88' lang='lat' dir='ltr'>pedestri·</span> 
     </span>
     <span class='ocr_line' id='line_1_6' title="bbox 172 696 1032 782; baseline -0.001 -19"><span class='ocrx_word' id='word_1_41' title='bbox 172 700 233 763; x_wconf 88' lang='lat' dir='ltr'>bus</span> <span class='ocrx_word' id='word_1_42' title='bbox 257 699 358 780; x_wconf 86' lang='lat' dir='ltr'>copiis</span> <span class='ocrx_word' id='word_1_43' title='bbox 381 697 454 780; x_wconf 93' lang='lat' dir='ltr'>pari</span> <span class='ocrx_word' id='word_1_44' title='bbox 476 697 647 780; x_wconf 91' lang='lat' dir='ltr'>prudentia</span> <span class='ocrx_word' id='word_1_45' title='bbox 669 696 873 762; x_wconf 80' lang='lat' dir='ltr'>adversarios</span> <span class='ocrx_word' id='word_1_46' title='bbox 896 697 1032 782; x_wconf 88' lang='lat' dir='ltr'>pepulit.</span> 
     </span>
    </p>

    <p class='ocr_par' dir='ltr' id='par_1_5' title="bbox 137 783 1424 1047">
     <span class='ocr_line' id='line_1_7' title="bbox 137 783 1346 872; baseline 0.001 -21"><span class='ocrx_word' id='word_1_47' title='bbox 137 804 152 851; x_wconf 93' lang='lat'>1</span> <span class='ocrx_word' id='word_1_48' title='bbox 260 786 334 850; x_wconf 89' lang='lat' dir='ltr'>XII.</span> <span class='ocrx_word' id='word_1_49' title='bbox 371 785 461 862; x_wconf 78' lang='lat' dir='ltr'>Quae</span> <span class='ocrx_word' id='word_1_50' title='bbox 484 786 561 849; x_wconf 93' lang='lat' dir='ltr'>dum</span> <span class='ocrx_word' id='word_1_51' title='bbox 584 786 619 849; x_wconf 92' lang='lat' dir='ltr'>in</span> <span class='ocrx_word' id='word_1_52' title='bbox 641 783 723 849; x_wconf 81' lang='lat' dir='ltr'>Asia</span> <span class='ocrx_word' id='word_1_53' title='bbox 746 788 917 869; x_wconf 79' lang='lat' dir='ltr'>geruntur,</span> <span class='ocrx_word' id='word_1_54' title='bbox 941 786 1058 850; x_wconf 90' lang='lat' dir='ltr'>accidit</span> <span class='ocrx_word' id='word_1_55' title='bbox 1081 807 1159 850; x_wconf 90' lang='lat' dir='ltr'>casn</span> <span class='ocrx_word' id='word_1_56' title='bbox 1181 790 1219 851; x_wconf 92' lang='lat' dir='ltr'>ut</span> <span class='ocrx_word' id='word_1_57' title='bbox 1241 788 1346 872; x_wconf 86' lang='lat' dir='ltr'>legati</span> 
     </span>
     <span class='ocr_line' id='line_1_8' title="bbox 171 871 1424 962; baseline 0.002 -23"><span class='ocrx_word' id='word_1_58' title='bbox 171 871 375 962; x_wconf 53' lang='lat' dir='ltr'>numerat)</span> <span class='ocrx_word' id='word_1_59' title='bbox 404 875 527 939; x_wconf 88' lang='lat' dir='ltr'>Romae</span> <span class='ocrx_word' id='word_1_60' title='bbox 550 874 636 958; x_wconf 89' lang='lat' dir='ltr'>apud</span> <span class='ocrx_word' id='word_1_61' title='bbox 659 873 693 937; x_wconf 90' lang='lat' dir='ltr'>L.</span> <span class='ocrx_word' id='word_1_62' title='bbox 722 872 911 949; x_wconf 78' lang='lat' dir='ltr'>Quinctium</span> <span class='ocrx_word' id='word_1_63' title='bbox 942 873 1164 939; x_wconf 80' lang='lat' dir='ltr'>Flamininum</span> <span class='ocrx_word' id='word_1_64' title='bbox 1198 877 1344 958; x_wconf 89' lang='lat' dir='ltr'>[a.183]</span> <span class='ocrx_word' id='word_1_65' title='bbox 1421 884 1424 889; x_wconf 80' lang='grc'><strong><em>’</em></strong></span> 
     </span>
     <span class='ocr_line' id='line_1_9' title="bbox 173 961 1346 1047; baseline 0 -18"><span class='ocrx_word' id='word_1_66' title='bbox 173 963 376 1029; x_wconf 87' lang='lat' dir='ltr'>consularem</span> <span class='ocrx_word' id='word_1_67' title='bbox 395 966 548 1028; x_wconf 87' lang='lat' dir='ltr'>cenarent</span> <span class='ocrx_word' id='word_1_68' title='bbox 565 967 662 1047; x_wconf 90' lang='lat' dir='ltr'>atque</span> <span class='ocrx_word' id='word_1_69' title='bbox 685 962 732 1026; x_wconf 93' lang='lat' dir='ltr'>ibi</span> <span class='ocrx_word' id='word_1_70' title='bbox 753 962 792 1026; x_wconf 89' lang='lat' dir='ltr'>de</span> <span class='ocrx_word' id='word_1_71' title='bbox 809 961 996 1028; x_wconf 80' lang='lat' dir='ltr'>Hannibale</span> <span class='ocrx_word' id='word_1_72' title='bbox 1014 964 1180 1028; x_wconf 85' lang='lat' dir='ltr'>mentione</span> <span class='ocrx_word' id='word_1_73' title='bbox 1197 964 1287 1029; x_wconf 90' lang='lat' dir='ltr'>facta</span> <span class='ocrx_word' id='word_1_74' title='bbox 1305 986 1346 1029; x_wconf 86' lang='lat' dir='ltr'>ex</span> 
     </span>
    </p>

    <p class='ocr_par' dir='ltr' id='par_1_6' title="bbox 136 1050 1346 1404">
     <span class='ocr_line' id='line_1_10' title="bbox 136 1050 1346 1136; baseline 0.001 -19"><span class='ocrx_word' id='word_1_75' title='bbox 136 1053 212 1119; x_wconf 80' lang='lat' dir='ltr'>aiis</span> <span class='ocrx_word' id='word_1_76' title='bbox 240 1074 324 1117; x_wconf 85' lang='lat' dir='ltr'>unus</span> <span class='ocrx_word' id='word_1_77' title='bbox 352 1052 473 1116; x_wconf 88' lang='lat' dir='ltr'>diceret</span> <span class='ocrx_word' id='word_1_78' title='bbox 499 1074 571 1116; x_wconf 89' lang='lat' dir='ltr'>eum</span> <span class='ocrx_word' id='word_1_79' title='bbox 595 1052 630 1116; x_wconf 92' lang='lat' dir='ltr'>in</span> <span class='ocrx_word' id='word_1_80' title='bbox 652 1050 786 1115; x_wconf 85' lang='lat' dir='ltr'>Prusiae</span> <span class='ocrx_word' id='word_1_81' title='bbox 813 1072 913 1136; x_wconf 83' lang='lat' dir='ltr'>ragno</span> <span class='ocrx_word' id='word_1_82' title='bbox 943 1073 1022 1116; x_wconf 86' lang='lat' dir='ltr'>esso.</span> <span class='ocrx_word' id='word_1_83' title='bbox 1066 1051 1104 1116; x_wconf 89' lang='lat' dir='ltr'>Id</span> <span class='ocrx_word' id='word_1_84' title='bbox 1132 1056 1265 1135; x_wconf 86' lang='lat' dir='ltr'>postero</span> <span class='ocrx_word' id='word_1_85' title='bbox 1294 1054 1346 1118; x_wconf 89' lang='lat' dir='ltr'>die</span> 
     </span>
     <span class='ocr_line' id='line_1_11' title="bbox 172 1138 1346 1225; baseline 0.001 -20"><span class='ocrx_word' id='word_1_86' title='bbox 172 1139 373 1206; x_wconf 83' lang='lat' dir='ltr'>Flamininus</span> <span class='ocrx_word' id='word_1_87' title='bbox 397 1141 525 1205; x_wconf 89' lang='lat' dir='ltr'>senatui</span> <span class='ocrx_word' id='word_1_88' title='bbox 548 1140 673 1205; x_wconf 88' lang='lat' dir='ltr'>detulit</span> <span class='ocrx_word' id='word_1_89' title='bbox 719 1138 848 1223; x_wconf 90' lang='lat' dir='ltr'>Patres,</span> <span class='ocrx_word' id='word_1_90' title='bbox 878 1141 933 1225; x_wconf 90' lang='lat' dir='ltr'>qui</span> <span class='ocrx_word' id='word_1_91' title='bbox 956 1139 1143 1207; x_wconf 86' lang='lat' dir='ltr'>Hannibale</span> <span class='ocrx_word' id='word_1_92' title='bbox 1166 1143 1241 1206; x_wconf 86' lang='lat' dir='ltr'>vivo</span> <span class='ocrx_word' id='word_1_93' title='bbox 1265 1164 1346 1206; x_wconf 90' lang='lat' dir='ltr'>nun-</span> 
     </span>
     <span class='ocr_line' id='line_1_12' title="bbox 172 1228 1345 1315; baseline 0 -21"><span class='ocrx_word' id='word_1_94' title='bbox 172 1252 269 1315; x_wconf 90' lang='lat' dir='ltr'>quam</span> <span class='ocrx_word' id='word_1_95' title='bbox 292 1252 326 1294; x_wconf 87' lang='lat' dir='ltr'>se</span> <span class='ocrx_word' id='word_1_96' title='bbox 355 1231 425 1294; x_wconf 89' lang='lat' dir='ltr'>sine</span> <span class='ocrx_word' id='word_1_97' title='bbox 447 1229 573 1294; x_wconf 88' lang='lat' dir='ltr'>insidiis</span> <span class='ocrx_word' id='word_1_98' title='bbox 596 1229 723 1293; x_wconf 86' lang='lat' dir='ltr'>futuros</span> <span class='ocrx_word' id='word_1_99' title='bbox 754 1228 992 1313; x_wconf 83' lang='lat' dir='ltr'>existimarent,</span> <span class='ocrx_word' id='word_1_100' title='bbox 1019 1229 1146 1315; x_wconf 81' lang='lat' dir='ltr'>legatos</span> <span class='ocrx_word' id='word_1_101' title='bbox 1170 1230 1204 1294; x_wconf 94' lang='lat' dir='ltr'>in</span> <span class='ocrx_word' id='word_1_102' title='bbox 1227 1230 1345 1314; x_wconf 83' lang='lat' dir='ltr'>Bithy-</span> 
     </span>
     <span class='ocr_line' id='line_1_13' title="bbox 171 1314 1345 1404; baseline 0.001 -22"><span class='ocrx_word' id='word_1_103' title='bbox 171 1320 260 1383; x_wconf 85' lang='lat' dir='ltr'>niam</span> <span class='ocrx_word' id='word_1_104' title='bbox 283 1320 450 1401; x_wconf 86' lang='lat' dir='ltr'>miserunt,</span> <span class='ocrx_word' id='word_1_105' title='bbox 472 1319 505 1382; x_wconf 90' lang='lat' dir='ltr'>in</span> <span class='ocrx_word' id='word_1_106' title='bbox 528 1318 569 1382; x_wconf 93' lang='lat' dir='ltr'>iis</span> <span class='ocrx_word' id='word_1_107' title='bbox 593 1317 629 1384; x_wconf 84' lang='lat' dir='ltr'>T.</span> <span class='ocrx_word' id='word_1_108' title='bbox 647 1314 921 1404; x_wconf 52' lang='lat' dir='ltr'>Flamininumffi),</span> <span class='ocrx_word' id='word_1_109' title='bbox 944 1319 999 1403; x_wconf 90' lang='lat' dir='ltr'>qui</span> <span class='ocrx_word' id='word_1_110' title='bbox 1022 1319 1064 1382; x_wconf 90' lang='lat' dir='ltr'>ab</span> <span class='ocrx_word' id='word_1_111' title='bbox 1086 1338 1164 1404; x_wconf 81' lang='lat' dir='ltr'>rega</span> <span class='ocrx_word' id='word_1_112' title='bbox 1186 1322 1345 1404; x_wconf 87' lang='lat' dir='ltr'>peterent,</span> 
     </span>
    </p>

    <p class='ocr_par' dir='ltr' id='par_1_7' title="bbox 134 1405 1346 1758">
     <span class='ocr_line' id='line_1_14' title="bbox 134 1405 1344 1490; baseline 0 -17"><span class='ocrx_word' id='word_1_113' title='bbox 134 1428 212 1475; x_wconf 81' lang='lat' dir='ltr'>ane</span> <span class='ocrx_word' id='word_1_114' title='bbox 240 1408 501 1472; x_wconf 89' lang='lat' dir='ltr'>inimicissimum</span> <span class='ocrx_word' id='word_1_115' title='bbox 530 1428 624 1472; x_wconf 88' lang='lat' dir='ltr'>suum</span> <span class='ocrx_word' id='word_1_116' title='bbox 657 1428 765 1471; x_wconf 90' lang='lat' dir='ltr'>secum</span> <span class='ocrx_word' id='word_1_117' title='bbox 797 1405 932 1471; x_wconf 90' lang='lat' dir='ltr'>haberat</span> <span class='ocrx_word' id='word_1_118' title='bbox 964 1406 1089 1490; x_wconf 89' lang='lat' dir='ltr'>sibique</span> <span class='ocrx_word' id='word_1_119' title='bbox 1120 1406 1259 1472; x_wconf 88' lang='lat' dir='ltr'>dederet.</span> <span class='ocrx_word' id='word_1_120' title='bbox 1305 1407 1344 1473; x_wconf 91' lang='lat' dir='ltr'>Id</span> 
     </span>
     <span class='ocr_line' id='line_1_15' title="bbox 172 1495 1343 1582; baseline 0.003 -22"><span class='ocrx_word' id='word_1_121' title='bbox 172 1496 304 1562; x_wconf 89' lang='lat' dir='ltr'>Prusias</span> <span class='ocrx_word' id='word_1_122' title='bbox 336 1517 455 1582; x_wconf 83' lang='lat' dir='ltr'>negare</span> <span class='ocrx_word' id='word_1_123' title='bbox 486 1517 552 1561; x_wconf 93' lang='lat' dir='ltr'>non</span> <span class='ocrx_word' id='word_1_124' title='bbox 585 1499 635 1560; x_wconf 89' lang='lat' dir='ltr'>est</span> <span class='ocrx_word' id='word_1_125' title='bbox 667 1517 778 1559; x_wconf 87' lang='lat' dir='ltr'>ausus:</span> <span class='ocrx_word' id='word_1_126' title='bbox 810 1495 892 1559; x_wconf 89' lang='lat' dir='ltr'>illud</span> <span class='ocrx_word' id='word_1_127' title='bbox 921 1497 1096 1575; x_wconf 87' lang='lat' dir='ltr'>recusarit,</span> <span class='ocrx_word' id='word_1_128' title='bbox 1128 1518 1169 1560; x_wconf 88' lang='lat' dir='ltr'>ue</span> <span class='ocrx_word' id='word_1_129' title='bbox 1197 1497 1229 1560; x_wconf 94' lang='lat' dir='ltr'>id</span> <span class='ocrx_word' id='word_1_130' title='bbox 1258 1520 1278 1561; x_wconf 93' lang='lat' dir='ltr'>a</span> <span class='ocrx_word' id='word_1_131' title='bbox 1307 1519 1343 1563; x_wconf 89' lang='lat' dir='ltr'>se</span> 
     </span>
     <span class='ocr_line' id='line_1_16' title="bbox 171 1583 1346 1670; baseline 0 -20"><span class='ocrx_word' id='word_1_132' title='bbox 171 1586 386 1670; x_wconf 88' lang='lat' dir='ltr'>postularent,</span> <span class='ocrx_word' id='word_1_133' title='bbox 409 1585 495 1669; x_wconf 91' lang='lat' dir='ltr'>quod</span> <span class='ocrx_word' id='word_1_134' title='bbox 518 1584 672 1650; x_wconf 85' lang='lat' dir='ltr'>adversus</span> <span class='ocrx_word' id='word_1_135' title='bbox 695 1584 745 1648; x_wconf 87' lang='lat' dir='ltr'>ius</span> <span class='ocrx_word' id='word_1_136' title='bbox 768 1583 902 1667; x_wconf 90' lang='lat' dir='ltr'>hospitii</span> <span class='ocrx_word' id='word_1_137' title='bbox 926 1587 1027 1650; x_wconf 84' lang='lat' dir='ltr'>esset:</span> <span class='ocrx_word' id='word_1_138' title='bbox 1052 1584 1126 1668; x_wconf 91' lang='lat' dir='ltr'>ipsi,</span> <span class='ocrx_word' id='word_1_139' title='bbox 1149 1586 1177 1648; x_wconf 89' lang='lat' dir='ltr'>si</span> <span class='ocrx_word' id='word_1_140' title='bbox 1200 1592 1346 1667; x_wconf 89' lang='lat' dir='ltr'>possent,</span> 
     </span>
     <span class='ocr_line' id='line_1_17' title="bbox 172 1672 1343 1758; baseline 0.001 -20"><span class='ocrx_word' id='word_1_141' title='bbox 172 1673 493 1758; x_wconf 85' lang='lat' dir='ltr'>comprehenderent:</span> <span class='ocrx_word' id='word_1_142' title='bbox 514 1675 620 1738; x_wconf 90' lang='lat' dir='ltr'>locum</span> <span class='ocrx_word' id='word_1_143' title='bbox 637 1673 694 1737; x_wconf 93' lang='lat' dir='ltr'>ubi</span> <span class='ocrx_word' id='word_1_144' title='bbox 712 1677 808 1754; x_wconf 88' lang='lat' dir='ltr'>esset,</span> <span class='ocrx_word' id='word_1_145' title='bbox 826 1672 920 1737; x_wconf 88' lang='lat' dir='ltr'>facile</span> <span class='ocrx_word' id='word_1_146' title='bbox 939 1673 1138 1738; x_wconf 86' lang='lat' dir='ltr'>inventuros.</span> <span class='ocrx_word' id='word_1_147' title='bbox 1174 1673 1343 1739; x_wconf 86' lang='lat' dir='ltr'>Hannibal</span> 
     </span>
    </p>

    <p class='ocr_par' dir='ltr' id='par_1_8' title="bbox 50 1761 1346 2025">
     <span class='ocr_line' id='line_1_18' title="bbox 50 1761 1344 1847; baseline 0.002 -21"><span class='ocrx_word' id='word_1_148' title='bbox 50 1834 57 1839; x_wconf 47' lang='grc'>,</span> <span class='ocrx_word' id='word_1_149' title='bbox 171 1764 259 1827; x_wconf 90' lang='lat' dir='ltr'>enim</span> <span class='ocrx_word' id='word_1_150' title='bbox 287 1784 352 1828; x_wconf 89' lang='lat' dir='ltr'>uno</span> <span class='ocrx_word' id='word_1_151' title='bbox 380 1764 452 1827; x_wconf 90' lang='lat' dir='ltr'>loco</span> <span class='ocrx_word' id='word_1_152' title='bbox 481 1783 515 1827; x_wconf 88' lang='lat' dir='ltr'>se</span> <span class='ocrx_word' id='word_1_153' title='bbox 537 1762 671 1825; x_wconf 89' lang='lat' dir='ltr'>tenebat</span> <span class='ocrx_word' id='word_1_154' title='bbox 692 1762 727 1825; x_wconf 90' lang='lat' dir='ltr'>in</span> <span class='ocrx_word' id='word_1_155' title='bbox 750 1761 898 1845; x_wconf 87' lang='lat' dir='ltr'>castello,</span> <span class='ocrx_word' id='word_1_156' title='bbox 927 1761 1014 1845; x_wconf 90' lang='lat' dir='ltr'>quod</span> <span class='ocrx_word' id='word_1_157' title='bbox 1037 1763 1067 1826; x_wconf 89' lang='lat' dir='ltr'>ei</span> <span class='ocrx_word' id='word_1_158' title='bbox 1090 1784 1110 1826; x_wconf 90' lang='lat' dir='ltr'>a</span> <span class='ocrx_word' id='word_1_159' title='bbox 1131 1783 1208 1847; x_wconf 85' lang='lat' dir='ltr'>rege</span> <span class='ocrx_word' id='word_1_160' title='bbox 1232 1762 1344 1828; x_wconf 91' lang='lat' dir='ltr'>datum</span> 
     </span>
     <span class='ocr_line' id='line_1_19' title="bbox 171 1849 1344 1935; baseline 0.001 -20"><span class='ocrx_word' id='word_1_161' title='bbox 171 1855 243 1915; x_wconf 89' lang='lat' dir='ltr'>erat</span> <span class='ocrx_word' id='word_1_162' title='bbox 275 1852 413 1915; x_wconf 87' lang='lat' dir='ltr'>muneri:</span> <span class='ocrx_word' id='word_1_163' title='bbox 446 1850 541 1933; x_wconf 91' lang='lat' dir='ltr'>idque</span> <span class='ocrx_word' id='word_1_164' title='bbox 575 1849 622 1914; x_wconf 90' lang='lat' dir='ltr'>sic</span> <span class='ocrx_word' id='word_1_165' title='bbox 654 1849 852 1932; x_wconf 89' lang='lat' dir='ltr'>aedificarat,</span> <span class='ocrx_word' id='word_1_166' title='bbox 884 1850 981 1913; x_wconf 92' lang='lat' dir='ltr'>utin</span> <span class='ocrx_word' id='word_1_167' title='bbox 1012 1852 1163 1915; x_wconf 88' lang='lat' dir='ltr'>omnibus</span> <span class='ocrx_word' id='word_1_168' title='bbox 1195 1854 1344 1935; x_wconf 89' lang='lat' dir='ltr'>partibus</span> 
     </span>
     <span class='ocr_line' id='line_1_20' title="bbox 174 1937 1346 2025; baseline 0.002 -22"><span class='ocrx_word' id='word_1_169' title='bbox 174 1940 311 2004; x_wconf 89' lang='lat' dir='ltr'>aedificii</span> <span class='ocrx_word' id='word_1_170' title='bbox 338 1939 459 2002; x_wconf 87' lang='lat' dir='ltr'>exitum</span> <span class='ocrx_word' id='word_1_171' title='bbox 488 1937 551 2002; x_wconf 88' lang='lat' dir='ltr'>sibi</span> <span class='ocrx_word' id='word_1_172' title='bbox 577 1937 727 2016; x_wconf 89' lang='lat' dir='ltr'>haberet,</span> <span class='ocrx_word' id='word_1_173' title='bbox 759 1937 883 2002; x_wconf 87' lang='lat' dir='ltr'>scilicet</span> <span class='ocrx_word' id='word_1_174' title='bbox 910 1959 1024 2003; x_wconf 87' lang='lat' dir='ltr'>verens</span> <span class='ocrx_word' id='word_1_175' title='bbox 1053 1961 1094 2004; x_wconf 89' lang='lat' dir='ltr'>ne</span> <span class='ocrx_word' id='word_1_176' title='bbox 1123 1961 1183 2004; x_wconf 85' lang='lat' dir='ltr'>usu</span> <span class='ocrx_word' id='word_1_177' title='bbox 1211 1941 1346 2025; x_wconf 83' lang='lat' dir='ltr'>reniret,</span> 
     </span>
    </p>

    <p class='ocr_par' dir='ltr' id='par_1_9' title="bbox 137 2026 1346 2380">
     <span class='ocr_line' id='line_1_21' title="bbox 137 2026 1346 2111; baseline 0.001 -18"><span class='ocrx_word' id='word_1_178' title='bbox 137 2046 154 2094; x_wconf 85' lang='lat'>4</span> <span class='ocrx_word' id='word_1_179' title='bbox 174 2026 259 2111; x_wconf 91' lang='lat' dir='ltr'>qnod</span> <span class='ocrx_word' id='word_1_180' title='bbox 283 2026 409 2091; x_wconf 90' lang='lat' dir='ltr'>accidit.</span> <span class='ocrx_word' id='word_1_181' title='bbox 453 2026 503 2091; x_wconf 80' lang='lat' dir='ltr'>Eo</span> <span class='ocrx_word' id='word_1_182' title='bbox 527 2049 600 2091; x_wconf 92' lang='lat' dir='ltr'>cum</span> <span class='ocrx_word' id='word_1_183' title='bbox 623 2027 726 2110; x_wconf 85' lang='lat' dir='ltr'>legati</span> <span class='ocrx_word' id='word_1_184' title='bbox 743 2026 966 2091; x_wconf 83' lang='lat' dir='ltr'>Romanorum</span> <span class='ocrx_word' id='word_1_185' title='bbox 987 2029 1155 2092; x_wconf 85' lang='lat' dir='ltr'>venissent</span> <span class='ocrx_word' id='word_1_186' title='bbox 1178 2051 1215 2093; x_wconf 94' lang='lat' dir='ltr'>ac</span> <span class='ocrx_word' id='word_1_187' title='bbox 1238 2031 1346 2095; x_wconf 91' lang='lat' dir='ltr'>multi-</span> 
     </span>
     <span class='ocr_line' id='line_1_22' title="bbox 172 2114 1344 2203; baseline 0.003 -23"><span class='ocrx_word' id='word_1_188' title='bbox 172 2116 284 2180; x_wconf 88' lang='lat' dir='ltr'>tudine</span> <span class='ocrx_word' id='word_1_189' title='bbox 304 2115 433 2180; x_wconf 89' lang='lat' dir='ltr'>domum</span> <span class='ocrx_word' id='word_1_190' title='bbox 453 2115 521 2181; x_wconf 91' lang='lat' dir='ltr'>eins</span> <span class='ocrx_word' id='word_1_191' title='bbox 545 2114 840 2199; x_wconf 76' lang='lat' dir='ltr'>circumdedissent,</span> <span class='ocrx_word' id='word_1_192' title='bbox 858 2137 938 2200; x_wconf 87' lang='lat' dir='ltr'>puer</span> <span class='ocrx_word' id='word_1_193' title='bbox 962 2117 1002 2180; x_wconf 91' lang='lat' dir='ltr'>ab</span> <span class='ocrx_word' id='word_1_194' title='bbox 1022 2118 1121 2181; x_wconf 91' lang='lat' dir='ltr'>ianua</span> <span class='ocrx_word' id='word_1_195' title='bbox 1139 2118 1344 2203; x_wconf 88' lang='lat' dir='ltr'>prospiciens</span> 
     </span>
     <span class='ocr_line' id='line_1_23' title="bbox 173 2204 1345 2292; baseline 0.003 -24"><span class='ocrx_word' id='word_1_196' title='bbox 173 2204 352 2270; x_wconf 92' lang='lat' dir='ltr'>Hannibali</span> <span class='ocrx_word' id='word_1_197' title='bbox 367 2204 448 2268; x_wconf 85' lang='lat' dir='ltr'>dixit</span> <span class='ocrx_word' id='word_1_198' title='bbox 460 2204 570 2290; x_wconf 88' lang='lat' dir='ltr'>plures</span> <span class='ocrx_word' id='word_1_199' title='bbox 583 2207 713 2288; x_wconf 89' lang='lat' dir='ltr'>praeter</span> <span class='ocrx_word' id='word_1_200' title='bbox 732 2205 996 2269; x_wconf 89' lang='lat' dir='ltr'>consuetudinem</span> <span class='ocrx_word' id='word_1_201' title='bbox 1015 2209 1159 2270; x_wconf 86' lang='lat' dir='ltr'>armatos</span> <span class='ocrx_word' id='word_1_202' title='bbox 1180 2228 1345 2292; x_wconf 88' lang='lat' dir='ltr'>apparere.</span> 
     </span>
     <span class='ocr_line' id='line_1_24' title="bbox 173 2292 1346 2380; baseline 0.003 -23"><span class='ocrx_word' id='word_1_203' title='bbox 173 2293 234 2358; x_wconf 89' lang='lat' dir='ltr'>Ille</span> <span class='ocrx_word' id='word_1_204' title='bbox 253 2294 283 2358; x_wconf 91' lang='lat' dir='ltr'>ei</span> <span class='ocrx_word' id='word_1_205' title='bbox 301 2294 481 2378; x_wconf 84' lang='lat' dir='ltr'>imperavit,</span> <span class='ocrx_word' id='word_1_206' title='bbox 500 2299 536 2357; x_wconf 91' lang='lat' dir='ltr'>ut</span> <span class='ocrx_word' id='word_1_207' title='bbox 555 2315 667 2358; x_wconf 86' lang='lat' dir='ltr'>omnes</span> <span class='ocrx_word' id='word_1_208' title='bbox 685 2293 771 2358; x_wconf 88' lang='lat' dir='ltr'>fores</span> <span class='ocrx_word' id='word_1_209' title='bbox 790 2292 928 2357; x_wconf 88' lang='lat' dir='ltr'>aedificii</span> <span class='ocrx_word' id='word_1_210' title='bbox 947 2294 1133 2359; x_wconf 88' lang='lat' dir='ltr'>circumiret</span> <span class='ocrx_word' id='word_1_211' title='bbox 1152 2317 1189 2359; x_wconf 89' lang='lat' dir='ltr'>ac</span> <span class='ocrx_word' id='word_1_212' title='bbox 1207 2317 1346 2380; x_wconf 89' lang='lat' dir='ltr'>propere</span> 
     </span>
    </p>

    <p class='ocr_par' dir='ltr' id='par_1_10' title="bbox 139 2381 1347 2555">
     <span class='ocr_line' id='line_1_25' title="bbox 139 2381 1347 2466; baseline -0.002 -15"><span class='ocrx_word' id='word_1_213' title='bbox 139 2383 238 2451; x_wconf 79' lang='lat' dir='ltr'>oaibi</span> <span class='ocrx_word' id='word_1_214' title='bbox 264 2385 444 2461; x_wconf 89' lang='lat' dir='ltr'>nuntiaret,</span> <span class='ocrx_word' id='word_1_215' title='bbox 472 2404 550 2446; x_wconf 91' lang='lat' dir='ltr'>num</span> <span class='ocrx_word' id='word_1_216' title='bbox 579 2382 691 2447; x_wconf 88' lang='lat' dir='ltr'>eodem</span> <span class='ocrx_word' id='word_1_217' title='bbox 718 2381 814 2446; x_wconf 92' lang='lat' dir='ltr'>modo</span> <span class='ocrx_word' id='word_1_218' title='bbox 842 2381 983 2466; x_wconf 90' lang='lat' dir='ltr'>undique</span> <span class='ocrx_word' id='word_1_219' title='bbox 1006 2383 1217 2449; x_wconf 86' lang='lat' dir='ltr'>obsideretur.</span> <span class='ocrx_word' id='word_1_220' title='bbox 1261 2383 1347 2449; x_wconf 90' lang='lat' dir='ltr'>Puer</span> 
     </span>
     <span class='ocr_line' id='line_1_26' title="bbox 175 2471 1347 2555; baseline 0.001 -18"><span class='ocrx_word' id='word_1_221' title='bbox 175 2495 248 2537; x_wconf 91' lang='lat' dir='ltr'>cum</span> <span class='ocrx_word' id='word_1_222' title='bbox 267 2472 424 2555; x_wconf 89' lang='lat' dir='ltr'>celeriter,</span> <span class='ocrx_word' id='word_1_223' title='bbox 442 2471 519 2555; x_wconf 91' lang='lat' dir='ltr'>quid</span> <span class='ocrx_word' id='word_1_224' title='bbox 537 2471 681 2555; x_wconf 81' lang='lat' dir='ltr'>uidisset,</span> <span class='ocrx_word' id='word_1_225' title='bbox 698 2471 918 2536; x_wconf 88' lang='lat' dir='ltr'>renuntiasset</span> <span class='ocrx_word' id='word_1_226' title='bbox 936 2493 1111 2555; x_wconf 91' lang='lat' dir='ltr'>omnesque</span> <span class='ocrx_word' id='word_1_227' title='bbox 1130 2474 1235 2537; x_wconf 83' lang='lat' dir='ltr'>exitus</span> <span class='ocrx_word' id='word_1_228' title='bbox 1255 2495 1347 2538; x_wconf 93' lang='lat' dir='ltr'>occu-</span> 
     </span>
    </p>

    <p class='ocr_par' dir='ltr' id='par_1_11' title="bbox 143 2558 1345 2911">
     <span class='ocr_line' id='line_1_27' title="bbox 143 2558 1345 2646; baseline -0.001 -19"><span class='ocrx_word' id='word_1_229' title='bbox 143 2602 148 2617; x_wconf 58' lang='grc' dir='ltr'><em>ι</em></span> <span class='ocrx_word' id='word_1_230' title='bbox 174 2566 270 2646; x_wconf 86' lang='lat' dir='ltr'>patos</span> <span class='ocrx_word' id='word_1_231' title='bbox 294 2560 499 2638; x_wconf 87' lang='lat' dir='ltr'>ostendisset,</span> <span class='ocrx_word' id='word_1_232' title='bbox 522 2562 625 2625; x_wconf 90' lang='lat' dir='ltr'>sensit</span> <span class='ocrx_word' id='word_1_233' title='bbox 644 2559 809 2624; x_wconf 92' lang='lat' dir='ltr'>Hannibal</span> <span class='ocrx_word' id='word_1_234' title='bbox 831 2558 864 2623; x_wconf 94' lang='lat' dir='ltr'>id</span> <span class='ocrx_word' id='word_1_235' title='bbox 882 2581 948 2623; x_wconf 93' lang='lat' dir='ltr'>non</span> <span class='ocrx_word' id='word_1_236' title='bbox 972 2560 1107 2626; x_wconf 87' lang='lat' dir='ltr'>fortuito</span> <span class='ocrx_word' id='word_1_237' title='bbox 1130 2560 1263 2646; x_wconf 86' lang='lat' dir='ltr'>facturn,</span> <span class='ocrx_word' id='word_1_238' title='bbox 1288 2562 1345 2627; x_wconf 87' lang='lat' dir='ltr'>sed</span> 
     </span>
     <span class='ocr_line' id='line_1_28' title="bbox 175 2649 1345 2735; baseline 0 -20"><span class='ocrx_word' id='word_1_239' title='bbox 175 2672 210 2715; x_wconf 87' lang='lat' dir='ltr'>se</span> <span class='ocrx_word' id='word_1_240' title='bbox 232 2651 301 2735; x_wconf 89' lang='lat' dir='ltr'>peti</span> <span class='ocrx_word' id='word_1_241' title='bbox 327 2671 431 2733; x_wconf 86' lang='lat' dir='ltr'>neque</span> <span class='ocrx_word' id='word_1_242' title='bbox 455 2649 519 2714; x_wconf 86' lang='lat' dir='ltr'>sibi</span> <span class='ocrx_word' id='word_1_243' title='bbox 546 2649 668 2713; x_wconf 87' lang='lat' dir='ltr'>diutius</span> <span class='ocrx_word' id='word_1_244' title='bbox 691 2649 794 2713; x_wconf 81' lang='lat' dir='ltr'>uitam</span> <span class='ocrx_word' id='word_1_245' title='bbox 825 2670 895 2714; x_wconf 86' lang='lat' dir='ltr'>esse</span> <span class='ocrx_word' id='word_1_246' title='bbox 918 2650 1128 2714; x_wconf 87' lang='lat' dir='ltr'>retinendam.</span> <span class='ocrx_word' id='word_1_247' title='bbox 1175 2649 1280 2726; x_wconf 80' lang='lat' dir='ltr'>Quam</span> <span class='ocrx_word' id='word_1_248' title='bbox 1302 2672 1345 2715; x_wconf 89' lang='lat' dir='ltr'>na</span> 
     </span>
     <span class='ocr_line' id='line_1_29' title="bbox 175 2735 1345 2823; baseline 0.001 -20"><span class='ocrx_word' id='word_1_249' title='bbox 175 2737 281 2805; x_wconf 89' lang='lat' dir='ltr'>alieno</span> <span class='ocrx_word' id='word_1_250' title='bbox 301 2739 436 2804; x_wconf 90' lang='lat' dir='ltr'>arbitrio</span> <span class='ocrx_word' id='word_1_251' title='bbox 451 2735 685 2823; x_wconf 68' lang='lat' dir='ltr'>dimitteret35),</span> <span class='ocrx_word' id='word_1_252' title='bbox 702 2759 827 2803; x_wconf 89' lang='lat' dir='ltr'>memor</span> <span class='ocrx_word' id='word_1_253' title='bbox 845 2737 1056 2821; x_wconf 89' lang='lat' dir='ltr'>pristinarum</span> <span class='ocrx_word' id='word_1_254' title='bbox 1075 2739 1231 2803; x_wconf 80' lang='lat' dir='ltr'>virtutum</span> <span class='ocrx_word' id='word_1_255' title='bbox 1249 2761 1345 2804; x_wconf 87' lang='lat' dir='ltr'>vene-</span> 
     </span>
     <span class='ocr_line' id='line_1_30' title="bbox 174 2826 1170 2911; baseline 0 -20"><span class='ocrx_word' id='word_1_256' title='bbox 174 2849 262 2911; x_wconf 91' lang='lat' dir='ltr'>num,</span> <span class='ocrx_word' id='word_1_257' title='bbox 285 2826 369 2909; x_wconf 92' lang='lat' dir='ltr'>quod</span> <span class='ocrx_word' id='word_1_258' title='bbox 393 2847 520 2909; x_wconf 83' lang='lat' dir='ltr'>sempor</span> <span class='ocrx_word' id='word_1_259' title='bbox 543 2847 651 2891; x_wconf 89' lang='lat' dir='ltr'>secum</span> <span class='ocrx_word' id='word_1_260' title='bbox 673 2826 793 2891; x_wconf 85' lang='lat' dir='ltr'>habere</span> <span class='ocrx_word' id='word_1_261' title='bbox 817 2832 1000 2910; x_wconf 89' lang='lat' dir='ltr'>consuerat,</span> <span class='ocrx_word' id='word_1_262' title='bbox 1022 2829 1170 2911; x_wconf 90' lang='lat' dir='ltr'>sumpsit.</span> 
     </span>
    </p>

    <p class='ocr_par' dir='ltr' id='par_1_12' title="bbox 141 2912 1347 3088">
     <span class='ocr_line' id='line_1_31' title="bbox 141 2912 1346 3000; baseline -0.001 -18"><span class='ocrx_word' id='word_1_263' title='bbox 141 2936 156 2982; x_wconf 91' lang='lat'>1</span> <span class='ocrx_word' id='word_1_264' title='bbox 263 2914 353 2979; x_wconf 88' lang='lat' dir='ltr'>XHI.</span> <span class='ocrx_word' id='word_1_265' title='bbox 389 2912 443 2979; x_wconf 81' lang='lat' dir='ltr'>Sic</span> <span class='ocrx_word' id='word_1_266' title='bbox 478 2914 528 2978; x_wconf 81' lang='lat' dir='ltr'>vir</span> <span class='ocrx_word' id='word_1_267' title='bbox 563 2915 777 2995; x_wconf 84' lang='lat' dir='ltr'>fortissimus,</span> <span class='ocrx_word' id='word_1_268' title='bbox 813 2916 925 2979; x_wconf 91' lang='lat' dir='ltr'>multis</span> <span class='ocrx_word' id='word_1_269' title='bbox 957 2915 1120 3000; x_wconf 85' lang='lat' dir='ltr'>variisque</span> <span class='ocrx_word' id='word_1_270' title='bbox 1157 2918 1346 2999; x_wconf 87' lang='lat' dir='ltr'>perfunctus</span> 
     </span>
     <span class='ocr_line' id='line_1_32' title="bbox 176 3003 1347 3088; baseline 0.003 -21"><span class='ocrx_word' id='word_1_271' title='bbox 176 3003 357 3086; x_wconf 88' lang='lat' dir='ltr'>laboribus,</span> <span class='ocrx_word' id='word_1_272' title='bbox 389 3024 473 3067; x_wconf 88' lang='lat' dir='ltr'>anno</span> <span class='ocrx_word' id='word_1_273' title='bbox 503 3003 665 3086; x_wconf 86' lang='lat' dir='ltr'>acquievit</span> <span class='ocrx_word' id='word_1_274' title='bbox 692 3003 832 3085; x_wconf 89' lang='lat' dir='ltr'>amplius</span> <span class='ocrx_word' id='word_1_275' title='bbox 860 3004 1073 3088; x_wconf 81' lang='lat' dir='ltr'>sexagesimo.</span> <span class='ocrx_word' id='word_1_276' title='bbox 1119 3003 1242 3079; x_wconf 81' lang='lat' dir='ltr'>Quibus</span> <span class='ocrx_word' id='word_1_277' title='bbox 1272 3027 1347 3070; x_wconf 91' lang='lat' dir='ltr'>con·</span> 
     </span>
    </p>
   </div>
   <div class='ocr_carea' id='block_1_3' title="bbox 140 3089 1359 3619">
    <p class='ocr_par' dir='ltr' id='par_1_13' title="bbox 140 3089 1359 3619">
     <span class='ocr_line' id='line_1_33' title="bbox 175 3089 1347 3178; baseline 0.003 -22"><span class='ocrx_word' id='word_1_278' title='bbox 175 3092 299 3156; x_wconf 91' lang='lat' dir='ltr'>sulibus</span> <span class='ocrx_word' id='word_1_279' title='bbox 326 3090 500 3173; x_wconf 87' lang='lat' dir='ltr'>interierit,</span> <span class='ocrx_word' id='word_1_280' title='bbox 529 3113 594 3156; x_wconf 93' lang='lat' dir='ltr'>non</span> <span class='ocrx_word' id='word_1_281' title='bbox 622 3092 781 3156; x_wconf 80' lang='lat' dir='ltr'>convenit.</span> <span class='ocrx_word' id='word_1_282' title='bbox 827 3090 888 3156; x_wconf 81' lang='lat' dir='ltr'>sed</span> <span class='ocrx_word' id='word_1_283' title='bbox 916 3089 1091 3173; x_wconf 54' lang='lat' dir='ltr'>Atticusffi)</span> <span class='ocrx_word' id='word_1_284' title='bbox 1121 3100 1154 3157; x_wconf 91' lang='lat' dir='ltr'>et</span> <span class='ocrx_word' id='word_1_285' title='bbox 1180 3092 1347 3178; x_wconf 90' lang='lat' dir='ltr'>Polybius,</span> 
     </span>
     <span class='ocr_line' id='line_1_34' title="bbox 177 3178 1345 3265; baseline 0.003 -20"><span class='ocrx_word' id='word_1_286' title='bbox 177 3181 292 3264; x_wconf 90' lang='lat' dir='ltr'>quibus</span> <span class='ocrx_word' id='word_1_287' title='bbox 312 3201 372 3265; x_wconf 85' lang='lat' dir='ltr'>ego</span> <span class='ocrx_word' id='word_1_288' title='bbox 392 3180 531 3244; x_wconf 82' lang='lat' dir='ltr'>maxime</span> <span class='ocrx_word' id='word_1_289' title='bbox 549 3179 646 3244; x_wconf 91' lang='lat' dir='ltr'>fidem</span> <span class='ocrx_word' id='word_1_290' title='bbox 668 3180 783 3264; x_wconf 89' lang='lat' dir='ltr'>habeo,</span> <span class='ocrx_word' id='word_1_291' title='bbox 804 3179 848 3245; x_wconf 89' lang='lat' dir='ltr'>M.</span> <span class='ocrx_word' id='word_1_292' title='bbox 862 3178 998 3247; x_wconf 75' lang='lat' dir='ltr'>claudio</span> <span class='ocrx_word' id='word_1_293' title='bbox 1016 3181 1173 3247; x_wconf 85' lang='lat' dir='ltr'>Marcello</span> <span class='ocrx_word' id='word_1_294' title='bbox 1192 3182 1229 3259; x_wconf 77' lang='lat' dir='ltr'>Q.</span> <span class='ocrx_word' id='word_1_295' title='bbox 1244 3182 1345 3248; x_wconf 85' lang='lat' dir='ltr'>Fabio</span> 
     </span>
     <span class='ocr_line' id='line_1_35' title="bbox 175 3265 1346 3356; baseline 0.003 -23"><span class='ocrx_word' id='word_1_296' title='bbox 175 3269 324 3334; x_wconf 88' lang='lat' dir='ltr'>Labeone</span> <span class='ocrx_word' id='word_1_297' title='bbox 361 3265 596 3356; x_wconf 79' lang='lat' dir='ltr'>consulibus⁸⁷)</span> <span class='ocrx_word' id='word_1_298' title='bbox 633 3273 796 3334; x_wconf 88' lang='lat' dir='ltr'>mortuum</span> <span class='ocrx_word' id='word_1_299' title='bbox 833 3291 906 3334; x_wconf 89' lang='lat' dir='ltr'>eum</span> <span class='ocrx_word' id='word_1_300' title='bbox 942 3271 1100 3355; x_wconf 90' lang='lat' dir='ltr'>scriptum</span> <span class='ocrx_word' id='word_1_301' title='bbox 1136 3271 1346 3354; x_wconf 88' lang='lat' dir='ltr'>reliquerunt.</span> 
     </span>
     <span class='ocr_line' id='line_1_36' title="bbox 140 3357 1359 3445; baseline 0.002 -22"><span class='ocrx_word' id='word_1_302' title='bbox 140 3376 156 3423; x_wconf 80' lang='lat' dir='ltr'>a</span> <span class='ocrx_word' id='word_1_303' title='bbox 176 3358 284 3442; x_wconf 81' lang='lat' dir='ltr'>Atque</span> <span class='ocrx_word' id='word_1_304' title='bbox 297 3358 350 3423; x_wconf 93' lang='lat' dir='ltr'>hic</span> <span class='ocrx_word' id='word_1_305' title='bbox 364 3361 476 3422; x_wconf 88' lang='lat' dir='ltr'>tantus</span> <span class='ocrx_word' id='word_1_306' title='bbox 490 3357 540 3423; x_wconf 81' lang='lat' dir='ltr'>vir</span> <span class='ocrx_word' id='word_1_307' title='bbox 553 3358 718 3441; x_wconf 88' lang='lat' dir='ltr'>tantisque</span> <span class='ocrx_word' id='word_1_308' title='bbox 732 3358 826 3422; x_wconf 89' lang='lat' dir='ltr'>bellis</span> <span class='ocrx_word' id='word_1_309' title='bbox 841 3358 1007 3423; x_wconf 88' lang='lat' dir='ltr'>districtus</span> <span class='ocrx_word' id='word_1_310' title='bbox 1024 3360 1176 3424; x_wconf 90' lang='lat' dir='ltr'>nonnihil</span> <span class='ocrx_word' id='word_1_311' title='bbox 1189 3361 1359 3445; x_wconf 89' lang='lat' dir='ltr'>temporis·</span> 
     </span>
     <span class='ocr_line' id='line_1_37' title="bbox 175 3444 1348 3530; baseline 0.003 -19"><span class='ocrx_word' id='word_1_312' title='bbox 175 3448 293 3513; x_wconf 86' lang='lat' dir='ltr'>tribuit</span> <span class='ocrx_word' id='word_1_313' title='bbox 319 3446 445 3512; x_wconf 85' lang='lat' dir='ltr'>litteris.</span> <span class='ocrx_word' id='word_1_314' title='bbox 490 3444 639 3530; x_wconf 88' lang='lat' dir='ltr'>Namque</span> <span class='ocrx_word' id='word_1_315' title='bbox 669 3446 794 3530; x_wconf 91' lang='lat' dir='ltr'>aliquot</span> <span class='ocrx_word' id='word_1_316' title='bbox 821 3448 890 3511; x_wconf 88' lang='lat' dir='ltr'>eius</span> <span class='ocrx_word' id='word_1_317' title='bbox 920 3448 994 3511; x_wconf 91' lang='lat' dir='ltr'>libri</span> <span class='ocrx_word' id='word_1_318' title='bbox 1019 3452 1106 3527; x_wconf 90' lang='lat' dir='ltr'>sunt,</span> <span class='ocrx_word' id='word_1_319' title='bbox 1137 3449 1260 3514; x_wconf 86' lang='lat' dir='ltr'>Graeco</span> <span class='ocrx_word' id='word_1_320' title='bbox 1285 3471 1348 3514; x_wconf 88' lang='lat' dir='ltr'>ser·</span> 
     </span>
     <span class='ocr_line' id='line_1_38' title="bbox 175 3534 1348 3619; baseline 0.002 -19"><span class='ocrx_word' id='word_1_321' title='bbox 175 3559 271 3602; x_wconf 91' lang='lat' dir='ltr'>mone</span> <span class='ocrx_word' id='word_1_322' title='bbox 298 3535 449 3618; x_wconf 87' lang='lat' dir='ltr'>confecti,</span> <span class='ocrx_word' id='word_1_323' title='bbox 479 3536 514 3601; x_wconf 90' lang='lat' dir='ltr'>in</span> <span class='ocrx_word' id='word_1_324' title='bbox 547 3536 589 3600; x_wconf 88' lang='lat' dir='ltr'>iis</span> <span class='ocrx_word' id='word_1_325' title='bbox 620 3535 661 3600; x_wconf 87' lang='lat' dir='ltr'>ad</span> <span class='ocrx_word' id='word_1_326' title='bbox 688 3536 832 3601; x_wconf 88' lang='lat' dir='ltr'>Rhodios</span> <span class='ocrx_word' id='word_1_327' title='bbox 861 3536 899 3601; x_wconf 90' lang='lat' dir='ltr'>de</span> <span class='ocrx_word' id='word_1_328' title='bbox 927 3534 985 3602; x_wconf 84' lang='lat' dir='ltr'>On.</span> <span class='ocrx_word' id='word_1_329' title='bbox 1009 3536 1125 3602; x_wconf 89' lang='lat' dir='ltr'>Manlii</span> <span class='ocrx_word' id='word_1_330' title='bbox 1147 3535 1348 3619; x_wconf 78' lang='lat' dir='ltr'>Vulsonis⁸⁸)</span> 
     </span>
    </p>
   </div>
   <div class='ocr_carea' id='block_1_4' title="bbox 176 3708 1349 4421">
    <p class='ocr_par' dir='ltr' id='par_1_14' title="bbox 176 3708 1349 4421">
     <span class='ocr_line' id='line_1_39' title="bbox 214 3708 1348 3781; baseline 0.002 -17"><span class='ocrx_word' id='word_1_331' title='bbox 214 3711 249 3781; x_wconf 78' lang='lat'>³⁰)</span> <span class='ocrx_word' id='word_1_332' title='bbox 275 3710 321 3765; x_wconf 85' lang='lat' dir='ltr'>Sia</span> <span class='ocrx_word' id='word_1_333' title='bbox 353 3727 447 3765; x_wconf 86' lang='lat' dir='ltr'>waren</span> <span class='ocrx_word' id='word_1_334' title='bbox 476 3710 551 3764; x_wconf 90' lang='lat' dir='ltr'>nach</span> <span class='ocrx_word' id='word_1_335' title='bbox 582 3709 654 3765; x_wconf 89' lang='lat' dir='ltr'>Rom</span> <span class='ocrx_word' id='word_1_336' title='bbox 686 3726 735 3779; x_wconf 82' lang='lat' dir='ltr'>ga·</span> <span class='ocrx_word' id='word_1_337' title='bbox 789 3710 840 3764; x_wconf 87' lang='lat' dir='ltr'>wir</span> <span class='ocrx_word' id='word_1_338' title='bbox 868 3726 918 3764; x_wconf 85' lang='lat' dir='ltr'>aua</span> <span class='ocrx_word' id='word_1_339' title='bbox 946 3708 1002 3765; x_wconf 83' lang='lat' dir='ltr'>Cic.</span> <span class='ocrx_word' id='word_1_340' title='bbox 1027 3710 1105 3765; x_wconf 86' lang='lat' dir='ltr'>Brut.</span> <span class='ocrx_word' id='word_1_341' title='bbox 1128 3717 1195 3777; x_wconf 76' lang='lat'>§11</span> <span class='ocrx_word' id='word_1_342' title='bbox 1214 3711 1261 3780; x_wconf 82' lang='lat' dir='ltr'>flg.</span> <span class='ocrx_word' id='word_1_343' title='bbox 1289 3711 1348 3766; x_wconf 89' lang='lat' dir='ltr'>und</span> 
     </span>
     <span class='ocr_line' id='line_1_40' title="bbox 176 3780 1347 3852; baseline 0.005 -18"><span class='ocrx_word' id='word_1_344' title='bbox 176 3781 318 3849; x_wconf 84' lang='lat' dir='ltr'>kommen,</span> <span class='ocrx_word' id='word_1_345' title='bbox 332 3799 379 3834; x_wconf 91' lang='lat' dir='ltr'>nm</span> <span class='ocrx_word' id='word_1_346' title='bbox 394 3781 483 3850; x_wconf 77' lang='lat' dir='ltr'>Klagc</span> <span class='ocrx_word' id='word_1_347' title='bbox 499 3799 533 3835; x_wconf 83' lang='lat' dir='ltr'>nu</span> <span class='ocrx_word' id='word_1_348' title='bbox 546 3781 655 3848; x_wconf 77' lang='lat' dir='ltr'>frthren,</span> <span class='ocrx_word' id='word_1_349' title='bbox 674 3780 735 3835; x_wconf 82' lang='lat' dir='ltr'>dass</span> <span class='ocrx_word' id='word_1_350' title='bbox 791 3780 846 3835; x_wconf 77' lang='lat' dir='ltr'>(lio.</span> <span class='ocrx_word' id='word_1_351' title='bbox 861 3786 931 3836; x_wconf 86' lang='lat' dir='ltr'>orat.</span> <span class='ocrx_word' id='word_1_352' title='bbox 946 3787 962 3847; x_wconf 65' lang='lat' dir='ltr'>t</span> <span class='ocrx_word' id='word_1_353' title='bbox 977 3786 1029 3836; x_wconf 78' lang='lat'>120</span> <span class='ocrx_word' id='word_1_354' title='bbox 1042 3782 1160 3837; x_wconf 85' lang='lat' dir='ltr'>konnen.</span> <span class='ocrx_word' id='word_1_355' title='bbox 1186 3781 1251 3852; x_wconf 78' lang='lat' dir='ltr'>Vgl.</span> <span class='ocrx_word' id='word_1_356' title='bbox 1265 3787 1347 3840; x_wconf 83' lang='lat' dir='ltr'>Anm.</span> 
     </span>
     <span class='ocr_line' id='line_1_41' title="bbox 176 3851 1063 3976; baseline 0 -70"><span class='ocrx_word' id='word_1_357' title='bbox 176 3851 290 3976; x_wconf 56' lang='lat' dir='ltr'>Phinqp</span> <span class='ocrx_word' id='word_1_358' title='bbox 321 3870 376 3906; x_wconf 84' lang='lat' dir='ltr'>von</span> <span class='ocrx_word' id='word_1_359' title='bbox 407 3851 603 3920; x_wconf 79' lang='lat' dir='ltr'>Macedonian,</span> <span class='ocrx_word' id='word_1_360' title='bbox 635 3851 735 3906; x_wconf 89' lang='lat' dir='ltr'>Obaim</span> <span class='ocrx_word' id='word_1_361' title='bbox 789 3870 823 3906; x_wconf 83' lang='lat' dir='ltr'>nu</span> <span class='ocrx_word' id='word_1_362' title='bbox 842 3854 900 3906; x_wconf 86' lang='lat' dir='ltr'>Att.</span> <span class='ocrx_word' id='word_1_363' title='bbox 919 3851 1019 3919; x_wconf 84' lang='lat' dir='ltr'>XVHI,</span> <span class='ocrx_word' id='word_1_364' title='bbox 1040 3859 1063 3907; x_wconf 90' lang='lat'>1.</span> 
     </span>
     <span class='ocr_line' id='line_1_42' title="bbox 177 3922 1104 3992; baseline 0.001 -15"><span class='ocrx_word' id='word_1_365' title='bbox 177 3923 227 3980; x_wconf 89' lang='lat' dir='ltr'>das</span> <span class='ocrx_word' id='word_1_366' title='bbox 281 3922 386 3989; x_wconf 80' lang='lat' dir='ltr'>rusiae,</span> <span class='ocrx_word' id='word_1_367' title='bbox 419 3922 515 3977; x_wconf 86' lang='lat' dir='ltr'>diesen</span> <span class='ocrx_word' id='word_1_368' title='bbox 545 3922 585 3976; x_wconf 88' lang='lat' dir='ltr'>im</span> <span class='ocrx_word' id='word_1_369' title='bbox 615 3922 735 3992; x_wconf 81' lang='lat' dir='ltr'>Kampsa</span> <span class='ocrx_word' id='word_1_370' title='bbox 826 3923 860 3991; x_wconf 79' lang='lat'>⁸⁷)</span> <span class='ocrx_word' id='word_1_371' title='bbox 880 3926 921 3976; x_wconf 91' lang='lat' dir='ltr'>lm</span> <span class='ocrx_word' id='word_1_372' title='bbox 939 3923 1025 3978; x_wconf 85' lang='lat' dir='ltr'>Jahra</span> <span class='ocrx_word' id='word_1_373' title='bbox 1045 3928 1104 3978; x_wconf 84' lang='lat'>188.</span> 
     </span>
     <span class='ocr_line' id='line_1_43' title="bbox 177 3993 1348 4130; baseline -0.002 -79"><span class='ocrx_word' id='word_1_374' title='bbox 177 3993 735 4130; x_wconf 45' lang='lat' dir='ltr'>gaffionBEanenageuntgerlstiitatamc.</span> <span class='ocrx_word' id='word_1_375' title='bbox 828 3994 862 4119; x_wconf 54' lang='grc' dir='ltr'>Ἤ</span> <span class='ocrx_word' id='word_1_376' title='bbox 880 3993 979 4118; x_wconf 53' lang='lat' dir='ltr'>Risqser</span> <span class='ocrx_word' id='word_1_377' title='bbox 996 3994 1091 4118; x_wconf 63' lang='lat' dir='ltr'>wnrldirs</span> <span class='ocrx_word' id='word_1_378' title='bbox 1099 3993 1151 4119; x_wconf 39' lang='lat' dir='ltr'>¹{atla</span> <span class='ocrx_word' id='word_1_379' title='bbox 1171 3994 1278 4121; x_wconf 59' lang='grc' dir='ltr'>ΚοῃὲτιΙ</span> <span class='ocrx_word' id='word_1_380' title='bbox 1297 3999 1348 4119; x_wconf 66' lang='lat' dir='ltr'>b⁸9</span> 
     </span>
     <span class='ocr_line' id='line_1_44' title="bbox 297 4081 1349 4121; baseline 0.002 -3"><span class='ocrx_word' id='word_1_381' title='bbox 297 4081 460 4119; x_wconf 89' lang='lat' dir='ltr'>ruars</span> <span class='ocrx_word' id='word_1_382' title='bbox 575 4081 631 4119; x_wconf 80' lang='lat' dir='ltr'>eru</span> <span class='ocrx_word' id='word_1_383' title='bbox 718 4083 737 4119; x_wconf 92' lang='lat' dir='ltr'>n</span> <span class='ocrx_word' id='word_1_384' title='bbox 790 4082 842 4120; x_wconf 87' lang='lat' dir='ltr'>nac</span> <span class='ocrx_word' id='word_1_385' title='bbox 921 4081 968 4118; x_wconf 82' lang='lat' dir='ltr'>ren</span> <span class='ocrx_word' id='word_1_386' title='bbox 1005 4082 1098 4120; x_wconf 87' lang='lat' dir='ltr'>esec</span> <span class='ocrx_word' id='word_1_387' title='bbox 1163 4084 1212 4120; x_wconf 87' lang='lat' dir='ltr'>um</span> <span class='ocrx_word' id='word_1_388' title='bbox 1249 4083 1284 4121; x_wconf 89' lang='lat' dir='ltr'>en</span> <span class='ocrx_word' id='word_1_389' title='bbox 1321 4082 1349 4120; x_wconf 91' lang='lat' dir='ltr'>e·</span> 
     </span>
     <span class='ocr_line' id='line_1_45' title="bbox 176 4069 1349 4206; baseline -0.001 -15"><span class='ocrx_word' id='word_1_390' title='bbox 176 4069 287 4192; x_wconf 85' lang='lat' dir='ltr'>Lucius.</span> <span class='ocrx_word' id='word_1_391' title='bbox 789 4138 858 4191; x_wconf 86' lang='lat' dir='ltr'>roits</span> <span class='ocrx_word' id='word_1_392' title='bbox 883 4081 1274 4206; x_wconf 61' lang='lat' dir='ltr'>abgescirlossanan’Friaden</span> <span class='ocrx_word' id='word_1_393' title='bbox 1296 4135 1349 4191; x_wconf 89' lang='lat' dir='ltr'>mit</span> 
     </span>
     <span class='ocr_line' id='line_1_46' title="bbox 213 4204 1347 4277; baseline 0.001 -15"><span class='ocrx_word' id='word_1_394' title='bbox 213 4204 735 4277; x_wconf 78' lang='lat' dir='ltr'>⁸⁵)Nichtdaasalbewieparmitteret.</span> <span class='ocrx_word' id='word_1_395' title='bbox 790 4206 944 4263; x_wconf 80' lang='lat' dir='ltr'>Antiochus</span> <span class='ocrx_word' id='word_1_396' title='bbox 954 4207 1140 4263; x_wconf 78' lang='lat' dir='ltr'>auszufdhren</span> <span class='ocrx_word' id='word_1_397' title='bbox 1153 4208 1347 4264; x_wconf 82' lang='lat' dir='ltr'>unddiaaaia·</span> 
     </span>
     <span class='ocr_line' id='line_1_47' title="bbox 178 4276 1347 4349; baseline 0.001 -17"><span class='ocrx_word' id='word_1_398' title='bbox 178 4277 278 4334; x_wconf 84' lang='lat' dir='ltr'>Alieno</span> <span class='ocrx_word' id='word_1_399' title='bbox 297 4277 413 4334; x_wconf 86' lang='lat' dir='ltr'>arbitrio</span> <span class='ocrx_word' id='word_1_400' title='bbox 431 4278 469 4332; x_wconf 89' lang='lat' dir='ltr'>ist</span> <span class='ocrx_word' id='word_1_401' title='bbox 488 4276 611 4333; x_wconf 84' lang='lat' dir='ltr'>Ablativ.</span> <span class='ocrx_word' id='word_1_402' title='bbox 789 4279 901 4334; x_wconf 83' lang='lat' dir='ltr'>tischen</span> <span class='ocrx_word' id='word_1_403' title='bbox 912 4278 1173 4349; x_wconf 77' lang='lat' dir='ltr'>Angelegenheiten</span> <span class='ocrx_word' id='word_1_404' title='bbox 1186 4297 1219 4334; x_wconf 83' lang='lat' dir='ltr'>zu</span> <span class='ocrx_word' id='word_1_405' title='bbox 1233 4281 1347 4334; x_wconf 87' lang='lat' dir='ltr'>ordnen.</span> 
     </span>
     <span class='ocr_line' id='line_1_48' title="bbox 214 4347 1348 4421; baseline 0.001 -18"><span class='ocrx_word' id='word_1_406' title='bbox 214 4350 250 4420; x_wconf 76' lang='lat'>³⁰)</span> <span class='ocrx_word' id='word_1_407' title='bbox 268 4352 300 4405; x_wconf 90' lang='lat' dir='ltr'>In</span> <span class='ocrx_word' id='word_1_408' title='bbox 318 4349 421 4404; x_wconf 82' lang='lat' dir='ltr'>acinam</span> <span class='ocrx_word' id='word_1_409' title='bbox 445 4347 518 4403; x_wconf 89' lang='lat' dir='ltr'>liber</span> <span class='ocrx_word' id='word_1_410' title='bbox 536 4348 658 4417; x_wconf 90' lang='lat' dir='ltr'>annalis,</span> <span class='ocrx_word' id='word_1_411' title='bbox 683 4348 737 4403; x_wconf 90' lang='lat' dir='ltr'>den</span> <span class='ocrx_word' id='word_1_412' title='bbox 790 4349 1001 4405; x_wconf 84' lang='lat' dir='ltr'>Eruntarnahm</span> <span class='ocrx_word' id='word_1_413' title='bbox 1009 4350 1348 4421; x_wconf 78' lang='lat' dir='ltr'>annachstainanllriags·</span> 
     </span>
    </p>
   </div>
   <div class='ocr_carea' id='block_1_5' title="bbox 0 0 1522 4908">
    <p class='ocr_par' dir='ltr' id='par_1_15' title="bbox 0 0 1522 4908">
     <span class='ocr_line' id='line_1_49' title="bbox 0 0 1522 4908; baseline 0 0"><span class='ocrx_word' id='word_1_414' title='bbox 0 0 1522 4908; x_wconf 95' lang='lat' dir='ltr'> </span> 
     </span>
    </p>
   </div>
  </div>
 </body>
</html>
