3028 4908
226 233 271 298 50
583 235 644 292 xv.
676 234 952 292 arruruouncs.
978 243 1001 315 r.
1021 243 1046 292 2.

127 398 135 410 ⁰
229 396 282 463 cui
314 396 455 462 maxime
487 396 631 463 habebat
662 398 774 481 fidem,
805 398 931 484 aliquot
957 399 1070 464 diebus
1099 402 1174 464 ante
1201 399 1292 465 venit
1319 421 1409 467 com·

228 486 441 571 pluribusque
456 485 537 552 locis
556 487 733 570 separatim
749 486 877 572 gladios
896 488 1005 552 obruit
1022 509 1125 573 eaque
1143 487 1217 553 loca
1231 488 1409 574 diligenter

225 578 332 640 notat.
354 574 431 659 Ipso
446 578 555 640 autem
569 574 724 660 colloquii
739 577 790 641 die
803 575 932 660 utrique
938 572 989 662 ⁸⁰),
1006 576 1114 642 locum
1128 577 1183 659 qui
1197 576 1408 660 explorarent
1499 656 1504 663 ⁴

228 666 328 747 atque
353 664 442 746 ipsos
466 666 701 747 scrutarentur,
723 664 875 729 mittunt:
903 664 1017 728 deinde
1040 665 1106 747 ipsi
1128 670 1205 730 sunt
1228 667 1408 751 congressi.

189 750 311 818 aOum
346 756 454 817 autem
483 752 680 835 aliquamdiu
711 751 745 817 in
773 753 935 836 colloquio
963 752 1103 818 fuissent
1130 756 1162 816 et
1190 753 1310 819 diversi
1340 754 1406 819 dis·

227 841 405 905 cessissent
425 841 554 925 iamque
576 840 690 924 procul
708 839 864 905 Datames
888 841 1030 925 abesset,
1052 840 1274 927 Mithridates,
1297 841 1406 926 prius·

226 950 323 1012 quam
352 928 393 994 ad
420 950 497 994 suos
524 929 722 1013 perveniret,
748 929 784 994 in
807 930 943 994 eundem
966 929 1074 994 locum
1102 930 1278 995 revertitur
1305 933 1406 1015 atque

224 1017 282 1101 ihi,
304 1018 362 1083 ubi
384 1018 486 1082 telum
510 1021 581 1082 erat
603 1016 774 1101 infossum,
796 1017 926 1102 resedit,
947 1020 985 1081 ut
1007 1018 1036 1082 si
1058 1018 1251 1083 lassitudine
1270 1024 1405 1103 cuperet

224 1107 439 1190 acquiescere,
466 1105 703 1190 Datamemque
729 1106 905 1187 revocavit,
935 1106 1094 1171 simulans
1122 1126 1157 1170 se
1184 1106 1340 1191 quiddam
1369 1108 1405 1173 in

142 1266 144 1271 ,
188 1210 206 1257 4
226 1195 389 1280 colloquio
413 1215 483 1259 esse
507 1194 653 1259 oblitum.
698 1194 834 1259 Interim
855 1195 968 1276 telum,
991 1194 1077 1278 quod
1099 1194 1237 1275 latebat,
1261 1195 1405 1278 protulit

224 1283 448 1367 nudatumque
472 1283 591 1367 vagina
612 1286 702 1347 veste
724 1283 807 1348 texit
830 1304 867 1347 ac
889 1280 1023 1348 Datami
1045 1283 1190 1347 venienti
1212 1282 1271 1365 ait,
1295 1283 1404 1369 digre-

225 1371 368 1437 dientem
398 1393 433 1436 se
457 1369 723 1437 animadvertisse
751 1371 859 1437 locum
888 1371 1063 1455 quendam,
1093 1372 1147 1454 qui
1175 1375 1246 1435 erat
1269 1372 1303 1437 in
1328 1393 1404 1437 con-

185 1465 353 1546 5speotu,
381 1461 421 1525 ad
450 1461 559 1525 castra
585 1460 735 1543 ponenda
762 1481 833 1525 esse
861 1459 1023 1525 idoneum.
1069 1458 1171 1535 Quem
1200 1482 1273 1524 cum
1296 1459 1403 1546 digito

222 1549 461 1614 demonstraret
475 1548 577 1613 atille
591 1547 773 1634 respiceret,
792 1569 940 1613 aversum
960 1547 1046 1613 ferro
1059 1547 1224 1613 transfixit
1237 1548 1404 1633 priusque,

221 1659 321 1721 quam
345 1638 517 1721 quisquam
540 1639 652 1720 posset
675 1657 873 1720 succurrere,
896 1635 1067 1701 interfecit.
1108 1635 1160 1700 Ita
1182 1636 1237 1701 ille
1261 1638 1322 1722 vir,
1344 1638 1402 1723 qui

220 1726 343 1791 multos
367 1725 518 1809 consilio,
545 1724 708 1788 neminem
731 1724 867 1807 perfidia
890 1719 1082 1811 ceperst⁸¹),
1105 1724 1261 1789 simulata
1283 1729 1401 1810 captus

219 1816 271 1879 est
294 1813 445 1878 amicitia.

697 1937 911 1947 ————---

565 2097 641 2171 XV.
688 2096 1048 2171 EPAMINONDAS.

185 2271 199 2318 1
309 2254 335 2318 Ι.
366 2252 473 2319 Venio
496 2274 583 2320 nunc
606 2254 648 2318 ad
665 2252 938 2338 Epaminondam,
955 2252 1157 2337 Polymnidis
1179 2252 1292 2338 filium,
1315 2253 1399 2320 The·

220 2343 350 2409 banum.
387 2342 437 2408 De
454 2341 518 2407 hoc
535 2344 725 2427 priusquam
744 2341 926 2427 scribimus,
943 2341 1024 2407 haec
1042 2340 1269 2425 praecipienda
1287 2342 1399 2409 riden-

220 2435 275 2496 tur
302 2431 492 2515 lectoribus,
521 2452 563 2495 ne
592 2430 716 2495 alienos
744 2452 852 2496 mores
882 2432 923 2496 ad
952 2452 1028 2496 suos
1055 2430 1211 2509 referant,
1242 2451 1325 2496 neve
1349 2454 1398 2518 ea,

219 2542 301 2604 quae
329 2521 409 2605 ipsis
438 2523 514 2584 sunt
540 2520 677 2604 leviora,
704 2520 776 2604 pari
803 2519 900 2585 modo
924 2519 1009 2604 apud
1032 2521 1158 2584 ceteros
1186 2518 1288 2584 fuisse
1311 2521 1396 2585 arbi-

185 2626 202 2673 a
221 2612 357 2675 trentur.
394 2608 518 2673 Musice
537 2609 666 2692 quidem
685 2608 807 2673 nostris
825 2608 971 2674 moribus
993 2608 1089 2673 abest
1111 2629 1131 2672 a
1148 2607 1304 2691 principis
1323 2631 1397 2692 per·

222 2719 316 2776 sona,
344 2698 465 2762 saltare
493 2718 569 2762 vero
598 2697 697 2762 etiam
725 2698 759 2762 in
785 2697 873 2763 vitiis
895 2696 1040 2781 ponitur:
1072 2715 1153 2780 quae
1177 2695 1285 2761 omnia
1308 2699 1396 2781 apud

182 2803 198 2850 a
219 2784 362 2865 Graecos
387 2788 420 2849 et
442 2789 539 2870 grata
561 2789 594 2848 et
621 2786 716 2850 laude
739 2787 840 2871 digna
863 2785 1031 2850 ducuntur.
1076 2781 1159 2849 Cum
1182 2788 1290 2849 autem
1313 2785 1395 2851 ima-

218 2873 329 2960 ginem
362 2873 540 2958 exprimere
570 2873 815 2938 consuetudinis
848 2876 946 2957 atque
978 2874 1063 2938 vitae
1095 2871 1232 2938 velimus
1258 2873 1394 2957 Epami-

217 2962 354 3046 nondae,
376 2960 461 3026 nihil
478 2960 605 3026 videtur
622 2961 956 3045 praetermittendum,
975 2962 1060 3045 quod
1078 2962 1240 3045 pertineat
1261 2962 1302 3027 ad
1321 2984 1394 3028 eam

181 3049 451 3116 cdeclarandam.
498 3048 603 3126 Quare
626 3049 770 3115 dicemus
794 3049 935 3134 primum
958 3049 1137 3136 degenere
1166 3049 1250 3133 eius,
1276 3050 1394 3117 deinde

216 3139 334 3223 quibus
362 3136 544 3222 disciplinis
572 3143 605 3202 et
632 3159 652 3203 a
680 3139 797 3223 quibus
825 3139 871 3204 sit
899 3138 1057 3222 eruditus,
1084 3141 1156 3204 tum
1180 3138 1218 3203 de
1245 3139 1393 3205 moribus

214 3226 402 3313 ingeniique
425 3226 639 3292 facultatibus
667 3232 701 3292 et
724 3228 752 3292 si
775 3248 840 3312 qua
863 3223 962 3313 alia1)
984 3227 1142 3292 memoria
1165 3226 1265 3312 digna
1287 3233 1391 3312 erunt,

214 3319 382 3400 postremo
406 3314 445 3379 de
463 3314 560 3380 rebus
579 3310 725 3402 gestisl),
748 3336 831 3401 quae
854 3316 1041 3401 aplurimis
1065 3315 1168 3381 animi
1190 3319 1393 3401 anteponun-

213 3414 268 3469 tur
290 3404 476 3469 virtutibus.

181 3509 195 3558 1
304 3492 346 3559 Il.
381 3492 488 3559 Natus
512 3496 562 3557 est
583 3491 684 3576 igitur
705 3496 813 3577 patre,
836 3514 900 3576 quo
924 3492 1079 3575 diximus,
1102 3511 1220 3576 genere
1243 3492 1392 3574 honesto,

251 3681 772 3754 10)11991191ο1391911111139199111.
827 3682 874 3738 (119
897 3683 1142 3751 Verleumdungen
1171 3682 1261 3738 seiner
1285 3684 1392 3740 Naider

212 3754 276 3823 Vgl.
297 3756 388 3809 Hann.
408 3754 457 3823 IV,
475 3760 501 3810 2.
827 3754 898 3809 darn
916 3770 1088 3825 geswungen
1105 3753 1209 3810 wurde.

213 3823 612 3963 de;:)v3ipnsslpppgpppfipp
629 3825 774 3950 5ἛέξὲῙέ-
866 3859 886 3931 ¹)
905 3858 933 3915 Ζ·
946 3858 978 3912 Β-
996 3859 1173 3929 personnche
1191 3859 1389 3931 Beaiehungen

211 3982 263 4036 pos
281 3964 400 4033 erathlt,
424 3982 475 4021 aus
498 3965 604 4021 blosser
649 3967 774 4035 esorgnis
827 3945 884 3984 ΠΜ
901 3929 1051 3999 p⁰lili³⁰h⁰
1070 3930 1207 4000 smum·

212 4053 263 4093 vor
288 4035 338 4090 der
361 4035 499 4106 Ungnade
526 4036 575 4092 des
599 4035 707 4106 Ktnigs
734 4037 774 4091 im
866 4033 1002 4105 ')Nepos
1015 4034 1216 4091 htltnaohher
1233 4036 1311 4092 diese
1327 4037 1388 4092 Dis·

211 4106 773 4177 FallaeinesunglficklichenFeldnuges
826 4105 950 4176 position
973 4105 1053 4161 nicht
1075 4108 1171 4177 strong
1195 4107 1262 4174 fest,
1290 4105 1388 4162 indam

210 4179 240 4233 in
258 4165 390 4248 llgypten
412 4195 461 4232 aur
478 4179 641 4248 Emporung
665 4177 773 4248 schritt,
827 4194 857 4232 er
879 4177 930 4231 das
956 4177 1056 4231 meiste
1078 4194 1141 4232 zum
1165 4177 1270 4233 letrten
1292 4177 1388 4233 Punlrt

211 4250 332 4304 sondern
342 4248 774 4318 nachderGefangennehmung
826 4247 967 4318 Gehtrige
990 4248 1032 4303 als
1055 4247 1179 4318 Beispiel
1202 4249 1259 4303 und
1278 4248 1387 4305 Beweis

211 4318 261 4375 des
274 4319 380 4390 Thuys,
398 4321 441 4375 als
460 4337 491 4375 er
507 4320 537 4374 in
556 4321 606 4374 der
619 4319 710 4374 Gunst
722 4319 772 4372 des
826 4316 874 4372 bei
887 4318 1088 4389 Bespreehung
1106 4318 1387 4389 derEigenschaften

210 4389 318 4460 Ktnigs
337 4396 383 4446 tm
403 4390 542 4447 hochsten
565 4390 663 4459 stand,
684 4389 771 4444 durch
826 4387 876 4444 des
893 4389 991 4460 Epam.
1010 4389 1143 4446 eruthnt.
