3028 4908
310 208 369 264 Vll.
393 209 616 268 ALCIBIADES.
638 217 679 268 11.
716 211 788 267 VIII.
816 211 1090 267 THRASYBULUS.
1115 218 1138 265 1.
1264 212 1306 275 27

136 375 204 439 vim
233 373 373 439 transiit.
419 371 521 448 Quem
545 376 582 437 ut
604 373 736 437 barbari
763 373 944 438 incendium
973 373 1125 457 effugisse
1148 374 1343 458 viderunt,t

135 465 211 528 telis
226 464 351 526 eminus
366 461 474 526 missis
490 462 723 526 interfecerunt
741 466 902 545 caputque
923 463 991 527 cius
1007 462 1048 526 ad
1063 462 1307 527 Pharnabazum

135 553 342 616 rettulerunt.
363 547 415 636 {At
434 550 556 631 mulier,
581 571 663 634 quae
682 573 754 615 cum
774 572 811 615 eo
830 552 939 615 vivere
958 556 1136 633 consuerat,
1155 552 1307 615 muliebri

139 663 199 706 sua
216 644 305 704 veste
325 642 509 704 contectum
530 638 666 703 aedificii
689 639 836 703 incendio
856 643 1019 704 mortuum
1039 640 1204 721 cremavit,
1222 639 1307 723 quod

137 728 300 794 advirum
319 726 567 792 interimendum
587 729 658 791 erat
672 731 903 812 comparatum.
933 726 986 792 Sic
999 726 1187 793 Alcibiades
1206 751 1307 793 annos

136 817 244 882 minus
268 816 505 900 quinquaginta
527 821 624 880 natus
649 815 733 879 diem
758 817 840 880 obiit
863 838 1059 900 supremum.

226 905 282 970 XI.
310 904 405 969 Hunc
427 905 623 968 infamatum
641 926 661 967 a
682 906 844 988 plerisque
862 908 929 969 tres
952 906 1135 988 gravissimi
1159 904 1307 970 historici
1328 922 1342 969 1

137 996 274 1058 summis
301 993 453 1058 laudibus
477 994 673 1057 extulerunt:
703 993 918 1077 Thucydides,
943 994 999 1077 qui
1022 994 1166 1057 eiusdem
1190 994 1307 1058 aetatis

134 1084 209 1167 fuit,
231 1083 469 1166 Theopompus,
492 1081 548 1165 qui
571 1084 647 1166 post
669 1082 846 1166 aliquanto,
869 1079 945 1166 et²⁶)
969 1081 1135 1146 Timaeus:
1159 1083 1215 1165 qui
1238 1082 1308 1165 qui·

137 1172 212 1235 dem
226 1171 287 1235 duo
306 1170 606 1235 maledicentissimi
620 1170 729 1235 nescio
745 1171 920 1255 quomodo
938 1172 973 1234 in
992 1171 1049 1234 illo
1064 1192 1128 1235 uno
1147 1170 1307 1235 laudando

135 1261 351 1324 consentiunt.
382 1258 532 1341 Namque
552 1280 597 1338 ea,
622 1281 703 1342 quae
723 1256 865 1342 supra²⁷)
886 1259 1082 1342 scripsimus,
1101 1259 1140 1322 de
1160 1281 1197 1323 eo
1216 1281 1306 1342 prae·
1327 1276 1343 1324 a

136 1348 285 1413 dicarunt
304 1354 401 1432 atque
423 1347 487 1412 hoc
510 1347 664 1429 amplius:
688 1368 762 1411 cum
782 1347 930 1428 Athenis,
953 1346 1213 1429 splendidissima
1232 1349 1307 1412 civi·

134 1441 214 1519 tate,
236 1441 332 1501 natus
352 1440 446 1520 esset,
470 1457 580 1500 omnes
601 1457 675 1500 eum
698 1436 867 1519 splendore
886 1458 923 1500 ac
943 1434 1101 1520 dignitate
1121 1457 1307 1518 superasse:

133 1533 307 1610 postquam
326 1524 399 1589 inde
418 1526 570 1606 expulsus
589 1523 718 1588 Thebas
736 1521 937 1611 venissem),
960 1525 1040 1589 adeo
1060 1523 1176 1589 studiis
1196 1546 1306 1589 eorum
1326 1543 1342 1590 3

133 1615 323 1697 inservisse,
354 1618 392 1677 ut
422 1635 515 1677 nemo
549 1635 623 1677 eum
655 1614 766 1676 labore
799 1615 1006 1696 corporisque
1039 1613 1161 1677 viribus
1198 1616 1308 1696 posset

135 1703 344 1785 aequiperare
359 1699 486 1788 (omnes
506 1702 591 1765 enim
607 1700 734 1766 Boeotii
753 1702 859 1787 magis
877 1702 1027 1766 firmitati
1046 1703 1190 1785 corporis
1210 1724 1307 1785 quam

134 1790 259 1873 ingenii
278 1791 419 1856 acumini
438 1790 647 1871 inserviunt):
672 1791 808 1854 eundem
827 1790 912 1873 apud
931 1790 1210 1871 Lacedaemonios,
1229 1812 1306 1873 quo·
1325 1809 1342 1855 c

134 1900 207 1943 rum
227 1879 371 1944 moribus
392 1901 518 1944 summa
536 1879 639 1943 virtus
658 1878 693 1941 in
711 1878 870 1962 patientia
887 1879 1079 1962 ponebatur,
1103 1878 1149 1943 sic
1169 1878 1307 1943 duritiae

134 1989 170 2031 se
194 1966 327 2052 dedisse,
351 1973 388 2032 ut
410 1968 610 2051 parsimonia
633 1968 738 2032 victus
762 1972 859 2050 atque
883 1967 989 2032 cultus
1013 1989 1125 2032 omnes
1149 1966 1306 2032 Lacedae·

135 2058 262 2121 monios
295 2059 453 2121 vinceret:
485 2056 585 2120 fuisse
619 2056 704 2139 apud
736 2055 912 2137 Thraeces,
943 2054 1092 2120 homines
1124 2057 1306 2121 vinolentos

133 2145 294 2229 rebusque
313 2146 452 2210 veneriis
471 2144 606 2227 deditos,
628 2144 689 2208 hos
709 2166 835 2228 quoque
853 2144 887 2208 in
901 2143 953 2208 his
968 2144 1065 2208 rebus
1080 2144 1307 2210 antecessisse:

133 2234 260 2298 venisse
280 2233 319 2299 ad
338 2233 465 2316 Persas,
487 2233 573 2316 apud
592 2254 674 2316 quos
694 2254 821 2296 summa
842 2232 913 2297 laus
933 2240 1019 2296 esset
1037 2232 1167 2298 fortiter
1185 2234 1307 2318 venari,
1325 2250 1341 2297 5

133 2322 298 2387 luxuriose
325 2323 447 2407 vivere,
473 2321 589 2385 horum
618 2320 663 2385 sic
690 2322 852 2385 imitatum
881 2321 1162 2405 consuetudinem,
1189 2326 1226 2386 ut
1258 2322 1307 2385 illi

132 2410 198 2493 ipsi
222 2433 296 2475 eum
318 2411 353 2475 in
375 2411 427 2475 his
451 2410 589 2475 maxime
614 2409 860 2474 admirarentur.
896 2409 1019 2486 Quibus
1042 2412 1140 2475 rebus
1164 2410 1306 2475 effecisse
1326 2427 1342 2475 6

133 2504 185 2583 ut,
214 2501 298 2582 apud
327 2521 544 2584 quoscumque
568 2503 667 2580 esset,
697 2499 846 2582 princeps
870 2505 1047 2582 poneretur
1068 2499 1304 2583 habereturque

134 2589 330 2653 carissimus.
376 2587 439 2653 Sed
464 2591 543 2652 satIs
568 2586 606 2651 de
629 2586 705 2651 hoc:
729 2587 872 2669 reliquos
897 2587 1071 2650 ordiamur.

614 2785 827 2793 -Ἀ

472 2945 568 3017 VIII.
611 2944 968 3019 THRASYBULUS.

222 3084 248 3150 Ι.
281 3084 528 3168 Thrasybulum,
551 3084 629 3168 Lyci
653 3084 766 3162 filium,
789 3084 1031 3169 Atheniensem,
1044 3083 1083 3163 ⁸si
1106 3104 1163 3165 per
1187 3104 1220 3146 se
1244 3083 1305 3145 vir·
1328 3099 1341 3146 1

132 3176 280 3238 tussiae
308 3175 440 3238 fortuna
466 3173 673 3256 ponderanda
701 3177 764 3255 est,
787 3173 901 3236 dubito
925 3194 968 3236 an
998 3173 1139 3257 primum
1163 3171 1306 3234 omnium

132 3285 264 3346 ponam.
308 3262 394 3326 Illud
416 3284 481 3326 non
506 3261 653 3345 dubium,
676 3261 837 3325 neminem
864 3260 942 3325 huic
965 3260 1208 3346 praeferendum
1237 3280 1307 3323 esse

133 3351 206 3434 fide,
230 3351 423 3434 constantia,
447 3349 670 3434 magnitudine
694 3349 809 3431 animi,
832 3351 866 3414 in
890 3352 1030 3432 patriam
1054 3369 1173 3412 amore.
1210 3345 1306 3412 Oum-
1326 3364 1341 3412 2

134 3461 198 3523 que
222 3440 316 3504 multi
339 3439 514 3521 voluerint,
537 3439 632 3522 pauci
656 3440 821 3522 potuerint
845 3438 885 3501 ab
909 3460 974 3503 uno
1002 3442 1142 3522 tyranno
1166 3435 1304 3519 patriam

133 3528 283 3612 liberare,
301 3526 376 3592 huic
391 3527 538 3611 contigit,
556 3531 593 3590 ut
608 3549 627 3590 a
644 3525 781 3609 triginta
799 3548 990 3609 oppressam
1007 3523 1158 3608 tyrannis
1174 3545 1191 3586 c
1205 3524 1304 3587 servi-

132 3621 203 3680 tute
231 3619 265 3680 in
294 3617 479 3681 libertatem
507 3614 693 3679 vindicaret.
741 3613 803 3678 Sed
832 3636 905 3679 eum
933 3614 1042 3677 nescio
1071 3633 1134 3696 quo
1167 3608 1340 3698 m0d01),e

133 3727 208 3769 cum
231 3727 325 3770 nemo
351 3704 488 3769 anteiret
511 3704 578 3767 illis
596 3702 782 3786 virtutibus,
805 3702 900 3766 multi
918 3701 1091 3766 nobilitate
1114 3722 1304 3783 praecucur-

132 3799 255 3858 rerunt.
291 3792 436 3856 Primum
460 3793 546 3856 bello
570 3791 803 3875 Peloponnesio
826 3791 930 3854 multa
952 3811 1024 3854 cum
1043 3788 1212 3854 Alcibiade
1236 3811 1305 3874 ges·

133 3880 219 3968 sit2),
244 3903 325 3967 quae
344 3880 400 3944 ille
418 3882 569 3944 universa
586 3879 729 3945 naturali
749 3879 888 3962 quodam
906 3879 993 3944 bono
1017 3879 1096 3943 fecit
1114 3879 1204 3946 lucri.
1242 3877 1305 3943 Sed
1323 3895 1340 3942 4

172 4092 206 4161 ²⁶)
235 4091 342 4160 Theop.
364 4089 422 4143 und
449 4089 522 4146 Tim.
548 4089 635 4143 durch
664 4091 694 4143 et
785 4051 1184 4158 ²⁸)basp1usquamp.coni.
1206 4101 1305 4153 wegen

132 4160 308 4229 verbunden,
326 4160 391 4215 weil
414 4161 538 4231 sogleich
560 4159 622 4214 eine
641 4158 693 4214 Be·
747 4160 796 4214 der
804 4158 1019 4230 Abhtngigkcit
1030 4176 1085 4214 von
1099 4157 1304 4227 praedicarunt.

132 4235 272 4302 merkung
285 4231 368 4301 folgt,
387 4232 475 4285 durch
489 4230 596 4286 welche
610 4229 693 4285 beida
785 4230 805 4300 ¹)
824 4229 925 4285 Nescio
935 4247 991 4300 quo
1002 4230 1087 4285 modo
1101 4228 1305 4298 „aufsalleuder

133 4302 399 4372 zusammengefalst
414 4302 533 4357 werden.
747 4301 866 4356 Weise“,

173 4375 206 4445 ¹⁷)
225 4373 405 4429 Namentlich
420 4372 460 4427 im
470 4375 562 4427 ersten
573 4372 693 4442 Kapitel.
786 4371 806 4441 ²)
827 4371 887 4427 Seia
904 4371 969 4425 dem
984 4371 1068 4425 Jahre
1083 4375 1144 4424 411,
