3028 4908
528 247 588 304 XV.
619 248 892 305 EPAMINONDAS.
916 255 941 304 3.
1276 249 1317 314 51

145 435 272 499 pauper
298 416 410 475 tamen
438 433 458 475 a
485 411 662 476 maioribus
692 411 838 493 relictus,
870 411 1016 476 eruditus
1048 417 1158 477 antem
1191 412 1251 493 sic,
1282 417 1320 478 ut

144 522 241 567 nemo
260 498 443 564 Thebanus.
480 497 568 564 Nam
590 504 623 564 et
641 500 831 565 citharizare
855 504 889 565 et
912 504 1043 565 cantare
1066 501 1107 564 ad
1126 500 1319 566 chordarum

146 611 262 656 sonum
286 588 401 653 doetus
425 592 476 653 est
499 609 518 652 a
541 584 743 674 Dionysio⁸)‚
766 589 821 672 qui
844 611 910 654 non
933 589 1057 654 minore
1079 588 1144 653 fuit
1166 589 1200 654 in
1222 589 1319 653 musi-

145 680 190 744 cis
214 678 321 761 gloria
343 697 441 760 quam
463 673 628 761 Damon4)
656 680 713 741 aut
735 673 944 762 Lamprus⁶)‚
968 699 1104 802 <puerum
1127 677 1319 762 pervulgata

145 770 224 833 sunt
246 765 391 850 nomina,
413 769 544 829 cantare
562 764 653 829 tibiis
677 764 719 829 ab
738 763 970 851 Olympiodoro
990 765 1013 852 )‚
1035 766 1157 830 saltare
1182 787 1201 830 a
1219 761 1318 829 Calli-

142 855 279 941 phrone.
324 853 371 917 At
391 852 621 937 philosophiae
649 857 891 938 praeceptorem
921 853 1038 919 habuit
1060 852 1175 939 Lysim
1198 853 1356 919 Taren-2

142 944 259 1027 tinum,
278 941 537 1027 Pythagoreum:
556 942 608 1005 cui
627 941 756 1026 quidem
775 943 822 1006 sic
839 942 903 1007 fuit
920 942 1058 1027 deditus,
1074 946 1113 1008 ut
1131 941 1318 1008 adulescens

141 1032 272 1096 tristem
301 1051 338 1094 ao
366 1050 514 1095 severum
542 1050 653 1094 senem
677 1030 827 1094 omnibus
855 1030 922 1095 suis
946 1031 1137 1115 aequalibus
1166 1031 1202 1095 in
1224 1031 1318 1095 fami·

142 1120 288 1184 liaritate
316 1122 542 1203 anteponeret3
572 1139 678 1202 neque
706 1119 797 1202 prius
822 1140 895 1183 eum
920 1141 939 1183 a
962 1141 997 1184 se
1020 1115 1191 1205 dimisitl),
1220 1141 1317 1203 quam

142 1208 293 1273 doctrina
324 1210 418 1272 tanto
451 1205 657 1271 antecederet
688 1206 939 1292 condiscipulos,
974 1212 1012 1271 ut
1042 1207 1139 1272 facile
1171 1208 1317 1292 intellegi

141 1301 256 1383 posset
273 1296 346 1380 pari
368 1295 465 1360 modo
489 1316 601 1359 omnes
621 1298 849 1378 superaturum
871 1296 905 1359 in
923 1296 1040 1360 ceteris
1059 1295 1192 1361 artibus.
1223 1293 1355 1360 Poeta

142 1407 240 1469 quam
274 1383 418 1467 ephebus
446 1386 497 1448 est
523 1383 630 1448 factus
658 1388 692 1447 et
717 1384 901 1467 palaestrae
932 1384 1010 1449 dare
1038 1406 1171 1468 operam
1198 1384 1317 1467 coepit,

22 1518 25 1525 ·
140 1496 207 1538 non
230 1478 301 1538 tam
318 1471 437 1537 virium
460 1471 679 1558 magnitudini
698 1472 832 1537 servivit
850 1494 948 1556 quam
970 1473 1117 1556 eorporis
1135 1472 1319 1537 velocitati:

139 1562 233 1626 illam
261 1561 345 1624 enim
374 1560 416 1624 ad
443 1560 642 1624 athletarum
669 1580 778 1639 usum,
810 1559 895 1625 hanc
927 1560 967 1624 ad
1000 1561 1080 1626 belli
1108 1560 1318 1625 existimabat

139 1650 313 1734 pertinere.
358 1647 474 1732 Itaque
507 1648 718 1713 exercebatur
749 1648 904 1713 currendo
939 1652 972 1713 et
1004 1649 1045 1713 ad
1072 1670 1144 1714 eum
1176 1645 1353 1735 finem⁸)‚4

140 1738 249 1823 quoad
276 1740 418 1801 stantem
444 1735 617 1821 complecti
644 1741 756 1820 posset
787 1741 884 1821 etque
915 1737 1127 1823 contundere,
1153 1737 1315 1803 luctando.

140 1825 181 1893 In
205 1825 306 1892 armis
328 1847 406 1890 vero
429 1826 607 1908 plurimum
629 1825 729 1889 studii
751 1825 972 1891 consumebat.

228 1913 290 1979 111.
326 1913 379 1978 Ad
405 1912 490 1977 hanc
517 1914 663 1998 corporis
695 1914 883 1978 firmitatem
910 1915 1053 1996 plurima
1084 1915 1185 1980 etiam
1215 1914 1350 1980 animil

139 2003 227 2069 bona
250 2004 462 2068 accesserant.
508 2000 592 2066 Erat
610 2003 696 2066 enim
715 2002 891 2082 modestus,
914 2003 1066 2087 prudens,
1089 2010 1211 2089 gravis:
1234 2007 1315 2068 tem·

137 2092 274 2176 poribus
298 2090 462 2174 sapienter
481 2090 648 2155 utebatur:
671 2090 752 2155 belli
770 2090 906 2176 peritus,
929 2091 1039 2156 animo
1062 2093 1214 2176 maximo,
1232 2093 1315 2156 veri-

137 2180 218 2244 tatis
242 2178 323 2244 adeo
347 2178 496 2263 diligens,
519 2181 556 2242 ut
577 2198 618 2241 ne
642 2178 715 2243 ioco
735 2178 864 2262 quidem
888 2180 1089 2244 mentiretur.
1126 2178 1217 2245 Idem
1239 2197 1349 2245 con-a

137 2269 249 2333 tineus
276 2266 468 2351 patiensque
497 2266 721 2331 admirandum
744 2269 779 2331 in
802 2266 947 2351 modum,
975 2289 1042 2333 non
1064 2269 1169 2333 solum
1192 2269 1314 2353 populi,

138 2357 195 2421 sed
214 2356 314 2420 etiam
334 2356 511 2420 amicorum
530 2355 624 2420 facile
642 2353 768 2420 ferebat
786 2355 935 2420 iniurias:
954 2355 1121 2441 inprimis
1140 2357 1315 2422 commissa

137 2444 277 2509 fideliter
307 2443 448 2509 celabat:
477 2443 629 2529 denique,
658 2444 743 2528 quod
771 2444 934 2508 interdum
957 2466 1024 2510 non
1050 2444 1159 2509 minus
1181 2445 1314 2529 prodest

137 2555 236 2618 quam
260 2533 379 2597 diserte
398 2531 513 2616 dicere,
536 2532 700 2597 studiosus
724 2535 795 2597 erat
819 2532 984 2597 audiendi:
1009 2554 1048 2598 ex
1070 2533 1132 2598 hoc
1156 2534 1242 2597 enim
1266 2532 1312 2596 fa·

137 2622 258 2686 eillime
282 2621 362 2686 disci
385 2620 616 2684 arbitrabatur.
656 2619 771 2705 Itaque
794 2641 867 2686 cnm
891 2622 925 2685 in
949 2622 1103 2687 circulum
1128 2617 1312 2709 venisset9),
1331 2640 1347 2688 3

135 2712 172 2775 in
191 2732 257 2795 quo
276 2713 334 2774 aut
351 2709 391 2773 de
409 2709 589 2792 republica
607 2709 828 2793 disputaretur
846 2712 903 2774 aut
921 2709 959 2773 de
976 2708 1187 2794 philosophia
1206 2732 1311 2775 sermo

135 2799 321 2881 haberetur,
338 2818 515 2880 numquam
534 2797 610 2862 inde
629 2796 718 2881 prins
737 2797 894 2881 discessit,
914 2819 1011 2882 quam
1031 2797 1072 2862 ad
1090 2799 1190 2863 finem
1208 2819 1312 2864 sermo

136 2892 225 2952 esset
248 2886 413 2952 adductus.
456 2885 688 2969 Paupertatem
712 2886 792 2950 adeo
815 2884 912 2951 facile
935 2908 1107 2972 perpessus
1130 2890 1189 2971 est,
1212 2892 1250 2952 ut
1273 2888 1312 2952 de
1331 2905 1349 2952 4

134 2997 170 3040 re
184 2975 317 3059 publica
330 2974 414 3038 nihil
427 2978 557 3058 praeter
571 2974 710 3060 gloriam
724 2975 855 3057 ceperit.
884 2973 1073 3041 Amicorum
1092 2977 1126 3040 in
1141 2997 1176 3040 se
1190 2975 1311 3041 tuendo

135 3063 242 3129 caruit
258 3062 478 3146 facultatibus,
491 3061 555 3126 fide
574 3063 614 3127 ad
633 3062 717 3127 alios
736 3063 951 3129 sublevandos
972 3086 1068 3149 saepe
1087 3065 1136 3128 sic
1153 3085 1231 3129 usus
1251 3067 1310 3146 est,

134 3157 173 3216 ut
191 3149 327 3217 iudicari
345 3152 450 3234 possit
468 3150 578 3216 omnia
601 3151 631 3215 ei
650 3173 722 3216 cum
742 3152 856 3216 amicis
874 3150 976 3217 fuisse
995 3153 1187 3219 communia.
1223 3150 1309 3217 Nam
1328 3169 1346 3219 5

135 3262 211 3305 cum
235 3245 293 3304 aut
314 3239 433 3305 civium
457 3261 590 3305 suorum
614 3239 734 3323 aliquis
757 3240 798 3304 ab
822 3239 974 3306 hostibus
997 3244 1084 3306 esset
1107 3244 1231 3325 captus,
1254 3244 1312 3305 aut

171 3482 294 3567 anion„
317 3500 379 3566 'von
405 3483 535 3553 Theben,
567 3482 694 3554 augleich
748 3483 888 3539 naohdem
899 3484 1045 3539 Philolaus
1058 3484 1121 3538 hier
1134 3484 1312 3555 autgetreten

132 3553 502 3695 lidbwlidinddcdfflthen,
520 3623 625 3679 Lehrer
639 3624 695 3678 und
748 3571 814 3693 wll
826 3622 915 3705 Nicht
933 3642 984 3692 „an
998 3624 1062 3706 dem
1076 3623 1202 3692 Zvvecka
1221 3623 1309 3707 dalet,

130 3695 277 3766 Ratgeber
294 3695 344 3751 des
362 3695 495 3750 Pericles.
748 3696 870 3749 sondern
888 3695 1204 3763 ‚,1naovertalsnoch“.
1230 3693 1311 3750 Time

171 3766 193 3836 ⁵)
211 3766 348 3837 Lamprus
358 3783 409 3822 aua
419 3764 521 3834 Athen,
531 3765 635 3820 Lehrer
645 3763 694 3819 des
747 3766 801 3819 hat
813 3765 860 3820 nie
875 3764 1065 3836 subjektiven,
1078 3765 1198 3821 sondern
1211 3765 1311 3822 immer

131 3838 294 3908 Sophocles.
749 3833 914 3907 objektiven
929 3835 1006 3892 Sina.
1034 3836 1098 3906 Vgl.
1114 3835 1171 3893 Cic.
1187 3838 1222 3893 de
1238 3841 1311 3893 orat.

169 3907 276 3980 ⁶)Den
302 3909 493 3963 bekanntaren
520 3907 694 3978 Orthagoras
747 3906 882 3974 I,§154.

129 3998 182 4036 aus
201 3980 319 4035 Theben
336 3979 523 4048 verschvveigt
540 3979 644 4048 Nepos.
785 3976 807 4046 ο)
825 3975 882 4032 Der
898 3977 982 4032 Kon'.
1001 3976 1166 4033 bezeichnet
1182 3977 1245 4032 hier
1263 3977 1309 4033 die

168 4051 289 4121 puech
307 4049 425 4106 anderer
442 4048 597 4104 Naohricht
617 4047 693 4104 lebte
746 4047 930 4104 vviederholte
988 4047 1122 4119 andlang.
1174 4048 1312 4104 Discessit

129 4118 212 4191 Lysis
225 4121 271 4176 bis
289 4140 324 4176 aa
342 4120 447 4177 seinem
456 4121 533 4175 Tode
547 4118 587 4174 im
599 4118 693 4175 Hause
745 4118 871 4174 naehher
884 4120 955 4174 statt
968 4118 1132 4175 discedebat
1144 4135 1243 4189 vvegen
1258 4120 1311 4173 der

128 4194 180 4248 des
198 4191 297 4263 Epam.
334 4192 372 4246 Er
394 4192 474 4247 hatte
496 4191 556 4246 sich
578 4188 625 4245 bai
643 4189 693 4245 der
746 4189 888 4262 Negation
919 4207 1080 4258 numquam.
1124 4190 1157 4244 In
1189 4188 1310 4245 affirma·

129 4263 200 4318 uber
230 4263 277 4318 die
309 4261 501 4333 Pythagoreer
530 4260 561 4316 in
592 4259 692 4315 Unter-
745 4262 818 4316 tiver
841 4259 926 4316 Torm
953 4261 1001 4316 des
1023 4261 1213 4330 Hauptsatzes
1242 4260 1316 4319 oder,

128 4334 230 4390 italien
239 4331 707 4414 hereinbrechendenVerfolgung·
745 4332 793 4387 bei
810 4331 860 4386 der
873 4331 1016 4400 Negation
1034 4348 1090 4386 non
1104 4331 1200 4387 wflrde
1219 4330 1308 4386 disce

129 4406 203 4461 nach
222 4406 340 4461 Theben
362 4406 497 4475 gerettet,
520 4403 606 4457 kurae
631 4403 693 4458 Ze1t
747 4404 834 4458 debat
852 4402 960 4458 stehen.

1054 4491 1092 4544 4*
