3028 4908
538 193 611 249 xvl.
643 192 854 250 PELOPIDAS.
879 201 904 250 8.
923 200 948 250 4.
1283 195 1325 260 57

153 361 208 422 tus
227 377 295 422 una
318 359 514 422 consuerant
536 356 670 441 epulari.
705 355 844 440 Magnae
863 378 959 442 saepe
976 378 1030 422 res
1048 378 1115 421 non
1135 358 1183 422 ite
1199 359 1328 443 maguis
1347 375 1363 422 e

153 445 256 530 copiis
280 448 358 510 sunt
380 448 502 531 gestae,
522 445 577 510 sed
595 445 742 529 prolecto
765 467 942 530 numquam
965 450 1033 510 tam
1056 446 1097 511 ab
1121 446 1211 511 tenui
1231 446 1325 511 initio

151 538 264 600 tantae
294 555 373 621 opes
406 537 484 599 sunt
509 533 710 619 profligatae.
754 532 841 599 Nam
873 533 1042 599 duodecim
1072 535 1327 600 abdulescentuli

153 623 301 688 coierunt
328 643 367 686 ex
394 623 448 702 iis,
478 622 534 707 qui
563 621 677 687 exsilio
705 626 798 686 erant
823 622 967 707 multati,
999 644 1072 687 cum
1101 624 1232 688 omnino
1259 645 1326 689 nou

153 717 265 777 essent
288 710 427 794 amplius
451 707 721 796 quinquaginta²)
743 711 799 793 qui
821 713 916 776 tanto
939 732 973 775 se
997 711 1151 777 offerrent
1172 712 1325 795 periculo.

153 799 226 875 Qua
246 799 411 883 paucitate
432 800 582 883 perculsa
605 802 656 864 est
672 797 1001 865 Lacedaemoniorum
1020 799 1177 883 potentia.
1213 799 1327 884 Neque
1346 814 1363 863 4

152 889 240 952 enim
267 891 336 952 tam
360 887 625 952 adversariorum
644 886 779 952 factioni
801 909 898 972 quam
921 885 1092 972 Spartanis
1121 909 1158 953 eo
1180 891 1328 972 tempore

152 977 278 1041 bellum
314 975 508 1043 intulerunt:
545 977 664 1061 quique
700 976 864 1059 principes
901 982 995 1041 erant
1030 978 1132 1042 totius
1166 975 1329 1061 Graeciae,

153 1086 266 1130 eorum
298 1064 426 1147 imperii
460 1065 626 1146 maiestas,
657 1061 793 1150 neque⁹)
825 1064 874 1129 ita
905 1065 1010 1131 multo
1039 1069 1128 1150 post,
1159 1063 1328 1130 Leuctrica

153 1173 268 1238 pugna
295 1152 446 1217 concidit.
491 1151 545 1217 Illi
572 1153 674 1238 igitur
700 1152 882 1237 duodecim,
910 1153 1086 1237 inquibus
1109 1152 1363 1237 eratPelopi-5

153 1242 227 1324 das,
260 1262 333 1306 cum
366 1240 504 1305 Athenis
536 1241 678 1306 interdiu
706 1241 862 1324 exissent,
893 1246 931 1307 ut
963 1244 1205 1326 vesperascente
1238 1243 1328 1307 caelo

155 1328 287 1395 Thebas
302 1332 436 1413 possent
453 1330 632 1414 pervenire,
651 1328 692 1393 ad
705 1328 870 1394 vitandam
890 1330 1108 1413 suspicionem
1126 1331 1209 1394 retia
1225 1330 1328 1394 feren·

154 1422 205 1483 tes
234 1439 308 1483 cum
336 1417 469 1482 canibus
497 1418 654 1483 venaticis
682 1417 803 1483 vestitu
826 1417 948 1504 agresti
970 1418 1034 1482 iter
1056 1418 1211 1484 fecerunt:
1241 1439 1328 1482 cum-

154 1528 218 1591 que
240 1512 387 1590 tempore
409 1505 497 1589 ipso,
519 1527 584 1590 quo
608 1505 808 1590 studuerant,
830 1507 1067 1591 pervenissent,
1090 1507 1221 1573 domum
1245 1504 1328 1572 Cha·

153 1596 244 1660 ronis
268 1595 485 1659 deverterunt

242 1682 302 1748 Ill.
339 1682 411 1748 Hoc
442 1683 514 1748 loco
546 1682 628 1747 libet
658 1682 879 1767 interponere,
911 1683 974 1747 etsi
1006 1684 1187 1748 seiunctum
1220 1683 1262 1747 ab
1293 1700 1364 1747 re1

152 1772 324 1856 proposita
350 1775 416 1854 est,
447 1771 551 1836 nimia
578 1771 696 1836 fiducia
726 1774 867 1854 quantae
899 1771 1080 1837 calamitati
1113 1772 1218 1837 soleat
1249 1792 1328 1837 esse.

153 1858 241 1925 Nam
264 1859 516 1942 magistratuum
539 1859 767 1924 Thebanorum
795 1859 836 1923 ad
858 1881 952 1925 aures
975 1861 1122 1944 pervenit
1144 1860 1270 1926 exsules
1293 1861 1329 1924 in

151 1949 266 2014 urbem
290 1949 426 2014 venisse.
462 1947 500 2013 Id
518 1948 568 2012 illi
586 1948 662 2012 vino
685 1948 852 2033 epulisque
870 1948 970 2013 dediti
992 1970 1093 2033 usque
1117 1970 1155 2014 eo
1177 1949 1329 2032 despexe·

153 2041 243 2119 runt,
270 2042 308 2101 ut
335 2058 376 2101 ne
404 2057 558 2120 quaerere
585 2036 715 2120 quidem
742 2039 837 2100 tanta
863 2037 902 2101 de
924 2058 961 2102 re
985 2038 1165 2103 accuratius
1173 2033 1212 2122 ¹⁰)
1241 2038 1330 2103 labo·

152 2088 279 2190 rarerit.
309 2124 457 2190 Accessit
475 2124 560 2209 quod
584 2126 681 2189 etiam
705 2125 812 2208 megia
834 2125 975 2209 aperiret
993 2146 1104 2190 eorum
1124 2125 1329 2191 dementiam.
1348 2140 1365 2189 a

153 2213 267 2278 Allata
290 2216 341 2278 est
363 2213 448 2278 enim
472 2213 611 2278 Athenis
634 2213 690 2278 uni
714 2235 753 2277 ex
776 2212 852 2298 illis,
874 2214 1025 2298 Archiae,
1051 2214 1199 2298 quitum
1222 2215 1330 2279 maxi-

153 2324 243 2368 mum
272 2302 503 2386 magistratum
527 2290 648 2366 Thebis
677 2302 859 2386 obtinebat,
886 2302 1078 2386 epistula,
1068 2324 1102 2366 m
1126 2324 1190 2387 qua
1220 2303 1331 2367 omnia

154 2393 194 2456 de
217 2391 419 2475 profectione
443 2391 589 2456 exsulum
608 2391 787 2474 perscripta
811 2393 913 2455 erant.
951 2390 1041 2466 Quae
1065 2411 1137 2455 cum
1161 2391 1331 2455 accubanti

152 2481 188 2545 in
211 2479 359 2545 convivio
388 2482 475 2544 esset
498 2479 589 2562 data,
611 2480 696 2544 sicut
718 2482 789 2543 erat
812 2478 922 2563 signat
923 2500 956 2563 a,
907 2479 1043 2543 tsub
1067 2478 1235 2562 pulvinum
1258 2479 1330 2543 sub·

153 2570 254 2634 iciens
277 2566 326 2631 ‘in
349 2565 538 2633 crastinum'
561 2568 669 2651 inquit
691 2565 815 2632 ‘differo
834 2589 886 2632 res
906 2565 1029 2633 serias'.
1065 2568 1112 2632 At
1132 2567 1184 2632 illi
1206 2584 1363 2651 omnes,e

153 2672 242 2721 cum·
255 2656 322 2721 iam
351 2677 417 2720 nox
443 2655 670 2740 processisset,
696 2655 853 2721 vinolenti
876 2678 896 2719 a
919 2656 1097 2721 coniuratis
1126 2659 1201 2721 sunt
1228 2656 1329 2719 inter-

152 2745 241 2810 fecti.
286 2744 410 2820 Quibus
437 2745 534 2810 robus
563 2744 732 2827 conlectis,
762 2743 859 2829 vulgo
893 2744 935 2809 ad
963 2765 1053 2810 arma
1079 2744 1329 2827 libertatemque

153 2838 284 2913 vocato,
310 2855 377 2897 uon
406 2834 512 2898 solum
539 2833 595 2917 qui
621 2833 656 2897 in
679 2834 759 2897 urbe
782 2838 889 2916 erant,
917 2832 1096 2898 sedetiam
1123 2832 1267 2917 undique
1290 2854 1329 2896 ex

154 2922 243 3007 agris
266 2927 514 3006 concurrerunt,
539 2921 738 3006 praesidium
761 2920 1092 2986 Lacedaemoniorum
1116 2943 1155 2986 ex
1178 2943 1251 2986 arce
1274 2942 1330 3004 pe·

154 3011 322 3096 pulerunt,
344 3010 486 3094 patriam
509 3009 678 3075 obsidione
701 3009 895 3095 liberarunt,
923 3014 1070 3075 auctores
1094 3007 1253 3075 Cadmeae
1277 3031 1329 3074 oc-

153 3099 330 3184 cupandae,
353 3102 513 3184 quotquot
535 3102 736 3182 supererant,
758 3097 794 3162 in
816 3099 966 3164 exsilium
990 3099 1161 3164 eiecerunt.

243 3184 300 3252 IV.
318 3185 380 3250 Illo
395 3190 464 3252 tam
477 3187 609 3252 turbido
623 3191 780 3271 tempore,
795 3187 879 3251 sicut
892 3208 991 3273 supra
1005 3184 1229 3271 docuimus¹¹),
1242 3185 1328 3270 Epa·
1349 3202 1363 3249 1

153 3275 336 3358 minondas,
355 3276 462 3360 quoad
480 3297 554 3340 cum
572 3274 696 3340 civibus
715 3274 904 3340 dimicatum
923 3279 982 3360 est,
1000 3275 1087 3340 domi
1111 3275 1320 3359 quietust
1257 3274 1327 3339 fuit.

152 3363 268 3448 Itaque
281 3363 363 3429 haec
377 3364 588 3430 liberatarum
602 3363 786 3428 Thebarum
799 3364 870 3429 laus
884 3363 1018 3448 propria
1036 3367 1088 3429 est
1098 3361 1289 3446 Pelopidae¹
1291 3360 1365 3448 ²)

152 3456 278 3519 ceterae
305 3451 371 3516 fere
394 3474 580 3518 communes
607 3473 681 3517 cum
703 3452 938 3535 Epaminonda.
983 3450 1132 3536 Namque
1155 3451 1363 3516 Leuctricae

152 3562 265 3627 pugna
288 3561 362 3605 cum
379 3541 556 3624 imperator
579 3543 665 3605 esset
682 3540 937 3625 Epaminondas,
955 3539 1008 3605 hic
1025 3540 1089 3604 fuit
1107 3540 1170 3603 dux
1191 3541 1232 3620 [a.
1247 3539 1326 3619 371]

152 3630 297 3694 delectae
325 3650 450 3715 manue,
482 3650 565 3714 quae
587 3628 695 3712 prima
723 3628 921 3713 phalangem
949 3627 1129 3711 prostravit
1114 3627 1328 3692 tLaconum

189 3854 284 3927 ⁸)Mit
297 3855 397 3924 denen,
416 3855 489 3911 die
480 3874 510 3910 ιιι
524 3854 639 3911 Theben
654 3854 715 3909 sich
768 3853 866 3909 weiter
904 3852 1118 3909 nachlorscheu.
1173 3853 1210 3907 Er
1247 3854 1329 3909 hatte

150 3927 240 3984 ihnen
258 3928 447 3983 anschloeseu
767 3924 901 3995 ubrigene
923 3924 970 3980 die
990 3928 1023 3979 12
1042 3925 1224 3980 Verbannten
1246 3923 1329 3979 einen

188 4033 311 4104 lenm
331 4051 365 4088 m
382 4031 467 4102 aa
486 4033 578 4103 ua
768 3995 1090 4133 :lustratur
1104 3996 1329 4121 'sicclus

192 4140 217 4173 ¹⁰
218 4144 228 4208 )
248 4139 294 4195 Sic
307 4137 407 4193 lielsen
418 4154 472 4192 nur
482 4136 593 4192 Charon
606 4155 640 4191 zu
653 4136 714 4192 sich
767 4083 835 4192 iam
854 4136 938 4192 eret
929 4137 1022 4193 ruder
1040 4137 1158 4192 aweiten
1171 4135 1265 4190 Nacht
1280 4152 1329 4189 zur

150 4210 285 4267 kommen
307 4210 366 4264 und
383 4209 552 4278 berchigten
575 4208 648 4276 sich,
672 4209 714 4262 als
767 4207 956 4277 Ausldhrung.

153 4282 247 4336 dieser
264 4279 447 4348 versicherte‚
472 4296 502 4334 er
520 4279 602 4333 wisse
619 4251 713 4334 nichts
806 4277 900 4348 ¹¹p)E
902 4293 957 4333 cm
974 4277 1052 4347 X,3.

152 4368 211 4408 von
221 4352 272 4408 der
281 4352 380 4419 Sache
390 4351 482 4405 werde
493 4348 638 4406 derrelben
647 4350 714 4405 aber
752 4408 755 4413 ,
806 4297 938 4418 ¹²)Aiim.
957 4349 1031 4417 sul,
1052 4354 1075 4402 1.
