3028 4908
590 223 624 279 V.
652 222 774 278 CIMON.
798 230 824 279 2.
843 230 867 280 3.
1275 225 1316 288 17

140 389 274 468 fecerat,
303 387 370 472 egit
398 409 471 452 cum
499 385 633 451 Cimone
661 391 698 451 ut
726 408 797 451 eam
832 387 895 451 sibi
922 408 1055 452 uxorem
1083 388 1189 453 daret:
1222 387 1255 451 id
1288 389 1316 453 ei

140 477 362 561 impetrasset,
390 498 424 540 se
452 496 510 560 pro
538 476 595 539 illo
623 476 794 559 pecuniam
818 476 1010 541 soluturum.
1056 476 1187 542 Iseum
1214 477 1349 542 taleme

139 564 361 629 condicionem
389 570 629 647 aspernaretur,
652 563 801 647 Elpinice
829 566 962 650 negavit
992 587 1026 629 se
1049 586 1219 649 passuram
1242 564 1314 629 Mil·

140 652 238 716 tiadis
271 653 461 739 progeniem
493 652 527 715 in
555 652 692 717 vinculis
720 653 860 734 publicis
887 654 1033 736 interire,
1063 675 1160 737 seque
1190 651 1314 718 Calliae

141 748 326 826 nupturam,
349 741 377 806 si
401 764 439 806 ea
463 761 544 826 quae
567 741 773 823 polliceretur
795 742 1024 824 praestitisset.

229 829 272 894 ΙΙ.
294 828 367 895 Hoc
385 829 481 894 modo
500 826 681 915 custodia⁴)
700 830 857 895 liberatus
872 828 989 894 (limon
1004 831 1148 895 celeriter
1167 829 1208 894 ad
1227 831 1313 914 prin·
1335 846 1349 894 1

140 918 283 1001 cipatunr
312 919 466 1001 pervenit.
511 915 666 983 Habebat
693 918 778 983 enirn
802 920 884 983 satis
913 920 1129 1004 eloquentiae,
1153 941 1313 983 summam

140 1006 385 1090 liberalitatem,
413 1027 566 1091 magnam
594 1006 798 1090 prudentiam
826 1029 899 1072 cum
926 1006 1006 1071 iuris
1035 1008 1138 1073 civilis
1166 1013 1236 1071 tum
1265 1010 1314 1071 rei

142 1094 302 1180 militaris,
317 1095 491 1180 quodcum
509 1100 602 1177 patre
617 1118 636 1157 a
654 1116 755 1178 puero
774 1096 808 1160 in
823 1095 1017 1160 exercitibus
1036 1095 1143 1160 fuerat
1156 1100 1313 1160 versatus.

139 1181 256 1267 Itaque
280 1187 313 1247 et
340 1184 497 1268 populum
524 1183 684 1247 urbanum
711 1184 746 1247 in
769 1206 828 1248 sua
857 1184 962 1248 tenuit
984 1189 1146 1267 potestate
1170 1190 1203 1248 et
1227 1184 1312 1267 apud

141 1271 317 1335 exercitum
336 1272 510 1355 plurimum
524 1271 628 1336 valuit
647 1272 850 1336 auctoritate.
876 1270 1059 1357 Imperator
1077 1273 1162 1356 apud
1182 1273 1310 1353 [aete]
1332 1285 1348 1333 a

141 1360 258 1423 flumen
289 1357 465 1443 Strymona
493 1365 525 1423 et
551 1359 750 1443 praesidium
778 1360 950 1425 Persarum
979 1366 1012 1425 et
1039 1382 1174 1445 magnas
1203 1361 1313 1445 copias

142 1447 323 1512 Thraecum
346 1448 486 1533 fugavit,
510 1448 729 1532 oppidumque
755 1448 803 1512 ibi
825 1453 939 1532 postea
963 1448 1170 1534 Amphipolis
1193 1449 1312 1514 consti·

139 1541 248 1599 tutum
281 1558 381 1620 eoque
414 1537 524 1601 decem
556 1536 647 1601 milia
675 1537 923 1601 Atheniensium
956 1538 990 1601 in
1019 1538 1181 1602 coloniam
1214 1537 1314 1601 missa

142 1623 261 1710 sunt5).
306 1624 396 1690 Idem
421 1624 569 1709 Scyrum,
593 1646 689 1708 quam
712 1647 750 1690 eo
778 1631 923 1710 tempore
947 1625 1090 1710 Dolopes
1118 1626 1313 1703 incolebant,

141 1714 222 1794 illis,
244 1715 328 1797 quod
352 1714 574 1779 contumacius
599 1735 634 1778 se
657 1717 838 1798 gesserant,
866 1716 945 1779 urbe
968 1715 1139 1798 insulaque
1172 1715 1214 1797 [a.
1233 1715 1313 1794 476]

142 1801 252 1866 eiectis
280 1803 459 1867 vacuefecit
486 1801 617 1885 suisque
645 1803 768 1867 civibus
798 1825 894 1888 agros
918 1802 1038 1867 divisit.
1088 1802 1206 1884 Porro,
1229 1804 1350 1886 quode

140 1890 207 1955 iam
230 1891 406 1955 nonnullae
429 1890 555 1955 insulae
578 1898 711 1976 propter
734 1891 945 1956 acerbitatem
967 1892 1096 1977 imperii
1120 1890 1316 1973 defecerant,

142 1981 223 2041 bene
243 1980 405 2044 animatas
420 1980 633 2063 confirmavit,
652 1980 810 2044 alienatas
829 1979 870 2044 ad
884 1980 1027 2044 officium
1045 1980 1149 2043 redire
1164 1976 1317 2066 coegiu).

140 2067 238 2150 Apud
261 2069 381 2132 flumen
405 2090 481 2132 vero
498 2067 774 2150 Eurymedontem
793 2067 985 2152 Cypriorum
1005 2072 1037 2132 et
1056 2068 1159 2133 Phoe·
1184 2069 1352 2148 [atoma

141 2157 250 2220 nicum
273 2157 484 2222 ducentarum
511 2157 644 2221 navium
668 2157 805 2221 classem
829 2157 987 2221 devictam
1011 2158 1110 2240 cepit,
1140 2157 1316 2241 eodemque

141 2244 193 2308 die
215 2246 287 2328 pari
311 2246 443 2310 fortuna
466 2247 500 2309 in
522 2250 610 2309 terra
632 2267 710 2310 usus
734 2251 793 2309 est.
838 2243 987 2331 Namque
1011 2245 1153 2309 hostium
1176 2245 1314 2310 navibus

142 2334 248 2415 captis
281 2335 393 2398 statim
425 2357 464 2397 ex
496 2334 599 2398 classe
631 2334 742 2419 copias
780 2356 855 2397 suas
892 2333 1004 2397 eduxit
1039 2334 1315 2418 barbarorumque

143 2421 319 2486 maximam
343 2424 408 2487 vim
432 2444 497 2486 uno
521 2444 678 2487 concursu
701 2423 888 2506 prostravit.
935 2422 1006 2497 Qua
1028 2422 1165 2486 victoria
1195 2437 1351 2505 magnae

143 2510 262 2592 praeda
289 2511 412 2594 potitus
441 2532 514 2575 cum
543 2511 675 2576 domum
702 2512 905 2593 revertisset,
927 2510 980 2574 his
1004 2531 1042 2572 ex
1067 2510 1228 2573 manubiis
1259 2532 1316 2573 arx

142 2598 363 2684 Athenarum,
390 2621 454 2684 qua
482 2598 523 2662 ad
550 2598 718 2663 meridiem
745 2598 864 2683 vergit,
887 2602 942 2662 est
974 2602 1098 2662 ornata.
1145 2598 1315 2662 Postremo

143 2686 282 2751 Thasios
298 2688 465 2771 opulentia
481 2687 585 2752 fretos
599 2693 773 2770 postquam
792 2688 898 2770 primo
917 2685 1031 2750 statim
1051 2685 1192 2750 adventu
1212 2686 1314 2751 classe

141 2775 322 2859 superavit,
356 2775 522 2840 obsidione
555 2776 683 2840 clausos
715 2777 857 2840 triennio
890 2776 924 2839 in
955 2774 1152 2839 deditionem
1190 2775 1315 2858 accepit

142 2866 184 2944 [a.
203 2863 294 2944 reti.

231 2952 289 3017 111.
327 2951 450 3028 Quibus
474 2954 570 3018 rebus
594 2975 666 3017 cum
689 2975 772 3017 unus
795 2954 830 3016 in
853 2953 983 3018 civitate
1007 2953 1145 3017 maxime
1174 2952 1313 3033 floreret,
1336 2968 1350 3014 1

140 3040 256 3105 incidit
278 3042 313 3105 in
335 3042 469 3106 eandem
491 3041 648 3106 invidiam
672 3038 800 3126 quaml)
828 3046 921 3125 pater
949 3034 1110 3124 ceterique
1134 3039 1312 3104 Athenien-

142 3130 225 3194 sium
248 3130 424 3214 principes:
447 3152 524 3194 nam
546 3135 707 3194 testarum
731 3129 894 3214 suffragiis
919 3130 1028 3194 decem
1053 3150 1153 3193 anno·
1178 3130 1220 3208 [a.
1229 3128 1310 3207 463]

141 3239 214 3281 rum
229 3220 343 3283 exsilio
363 3219 521 3283 multatus
536 3224 594 3284 est.
622 3217 721 3283 (iuius
741 3218 819 3283 facti
834 3219 968 3282 celerius
982 3217 1201 3282 Athenienses
1216 3239 1313 3301 quam
1333 3233 1350 3281 2

140 3306 249 3389 ipsum
273 3307 443 3391 paenituit.
484 3305 571 3371 Nam
594 3330 666 3372 eum
690 3307 745 3371 ille
769 3308 877 3372 animo
901 3306 979 3371 forti
1008 3306 1147 3370 invidiae
1170 3306 1313 3388 ingrato·

142 3416 215 3459 rum
243 3395 360 3460 civium
392 3395 542 3460 cessisset
569 3396 755 3479 bellumque
783 3395 1030 3461 Lacedaemonii
1058 3394 1312 3458 Atheniensibus

140 3482 371 3570 intulissent8),
391 3484 561 3549 confestim
582 3488 747 3569 spectatae
762 3486 829 3548 eius
845 3485 975 3548 virtutis
990 3484 1184 3548 desiderium
1204 3502 1315 3544 conse·

178 3675 200 3745 ⁴)
209 3673 262 3729 Die
272 3673 700 3745 ganaeErzhhlungvonCimons
754 3676 816 3730 keit
829 3676 879 3728 der
892 3672 1140 3743 vorhergehenden
1149 3671 1316 3726 Jahresaahl

142 3744 213 3799 Hafa
222 3745 262 3799 ist
269 3745 543 3800 unwahrscheiulich
554 3747 611 3799 und
621 3744 701 3800 nicht
754 3750 807 3800 476
826 3746 876 3800 hat
892 3744 974 3798 Blasa
992 3745 1032 3798 im
1050 3742 1138 3799 rhein.
1157 3742 1228 3797 Mus.
1246 3747 1315 3798 1874

143 3816 325 3871 hinreichend
344 3818 486 3885 verbiirgt.
753 3816 902 3871 bewiesen.

179 3887 201 3956 ⁶)
220 3886 303 3942 Diese
318 3887 473 3957 Grdndung
488 3889 563 3958 (467)
579 3886 648 3958 ging
661 3887 700 3941 im
792 3888 813 3955 ⁷)
833 3887 885 3942 Die
895 3887 1009 3955 Prtpos.
1020 3886 1099 3940 iniat
1109 3885 1188 3940 nicht
1198 3885 1313 3940 wieder·

142 3957 261 4027 Kampfe
288 3975 379 4027 gesen
404 3957 449 4012 die
474 3959 608 4013 Thracias
633 3958 700 4013 bald
755 3959 826 4012 holt.

141 4028 246 4083 wieder
268 4047 302 4083 au
321 4027 441 4083 Grande.
478 4028 543 4084 Erat
564 4030 632 4083 kun
650 4046 701 4083 vor
792 4029 813 4094 ⁸)
842 4027 940 4083 Cimon
968 4027 1047 4082 hatte
1074 4027 1128 4082 den
1152 4027 1251 4082 Laced.
1274 4027 1314 4080 im

142 4100 206 4153 dem
234 4098 382 4168 peloponn.
401 4101 505 4170 Kriege
527 4101 632 4169 gelang
655 4100 700 4154 die
756 4099 861 4153 dritten
892 4097 1100 4153 messenischen
1131 4096 1234 4167 Kriege
1268 4098 1314 4150 ein

143 4169 300 4240 Grfindung
318 4186 373 4225 von
391 4171 569 4240 Amphipolis
588 4171 639 4225 auf
655 4170 700 4225 die
756 4168 933 4225 athenisches
964 4167 1121 4237 Hilfscorps
1152 4166 1312 4236 augefdhrt3

143 4239 244 4296 Dauer.
756 4240 847 4295 dieses
869 4256 929 4293 war
956 4240 1023 4293 aber
1046 4239 1075 4292 in
1099 4237 1313 4307 ehrsnn'ihriger

179 4311 201 4378 ⁶)
222 4311 352 4380 Carystus
363 4313 413 4365 auf
424 4311 626 4367 Eubbawurde
639 4318 701 4378 475,
756 4311 850 4366 Weise
866 4327 921 4365 von
940 4310 995 4365 den
1008 4307 1255 4376 Lacedtmonierm
1271 4309 1312 4365 als

142 4380 239 4437 Naxus
247 4388 299 4438 473
308 4382 501 4437 unterworfen.
517 4381 700 4453 DieItichtig·
755 4381 871 4437 bedtrfe
889 4397 956 4435 man
975 4382 1024 4435 der
1043 4379 1119 4434 Hills
1137 4378 1229 4447 nicht,
1253 4386 1314 4434 ent·

196 4479 327 4532 Oaruxuu,
342 4480 462 4521 cornelius
476 4481 558 4529 Nepos.
1083 4473 1099 4521 2
