3028 4908
200 165 244 229 42
578 164 651 221 XIII.
678 162 897 220 TIMOTHIIUS.
924 170 949 219 3.
968 173 994 219 4.

200 325 320 412 bello³)
345 321 563 393 Athenienses
587 328 724 392 ducenta
745 328 870 392 talenta
892 330 1168 413 consumpserant.
1210 326 1295 392 Bam
1319 328 1378 393 ille

200 420 371 501 pecuniam
389 418 509 502 populo
528 417 680 481 restituit.
718 414 797 481 Inde
815 416 851 480 in
865 415 1103 482 Chersonesum
1121 416 1212 481 navi·
1235 418 1277 497 [a
1292 416 1373 498 365]

165 523 182 571 3
201 507 292 592 gavit
310 503 567 589 Chrithotcnquc
586 509 619 570 et
637 501 798 590 Sestnm4)
822 505 857 569 in
880 505 978 569 fidem
1001 503 1133 588 accepit
1179 503 1265 568 Tum
1288 505 1376 571 bello

202 617 275 660 cum
294 593 460 679 Olynthiis
480 597 629 678 suscepto
651 594 825 658 nonnullas
848 594 884 658 in
907 615 946 658 ea
963 592 1095 678 regione
1113 592 1210 657 urbes
1236 595 1278 674 [a.
1293 594 1375 675 364]

201 684 413 770 expugnavit,
449 683 624 767 eodemque
660 682 728 746 fere
759 686 907 767 tempore
944 680 1098 747 adversus
1129 679 1310 765 Byzantios
1344 688 1378 747 et

201 770 327 850 (lotum,
350 791 459 857 regem
484 770 670 855 Thraeciae,
693 770 866 854 dimicavit,
890 769 1041 855 Cyzicum
1065 769 1235 835 obsidione
1259 771 1377 836 libera-

200 861 257 925 vit
303 860 426 938 Quibus
459 859 608 926 omnibus
640 882 679 923 ex
707 860 802 924 bellis
835 859 925 923 mille
955 863 987 923 et
1017 860 1155 924 ducenta
1183 859 1310 925 talenta
1340 861 1378 924 in

202 949 368 1034 publicum
390 949 557 1015 rettulisse
580 948 706 1013 dicitur.

167 1055 181 1103 1
289 1037 349 1102 III.
381 1036 443 1103 Sed
476 1060 548 1103 cum
580 1041 666 1102 esset
696 1057 817 1123 magno
845 1040 923 1102 natu
952 1039 984 1100 at
1016 1036 1227 1118 magistratus
1262 1056 1377 1122 gerere

203 1127 348 1207 desisset,
370 1127 457 1192 bello
471 1124 687 1191 Athenienses
707 1125 847 1210 undique
870 1125 974 1209 premi
997 1127 1073 1189 sunt
1095 1126 1210 1209 coepti.
1235 1126 1278 1205 [a.
1292 1125 1375 1206 357]

203 1214 400 1281 Defecerant
416 1215 609 1300 Byzantium
628 1218 661 1280 et
684 1215 810 1279 insulae
829 1213 1010 1299 complures
1017 1209 1055 1298 ⁵),
1078 1213 1175 1277 simul
1193 1212 1378 1298 Philippus,

203 1306 268 1370 iam
292 1309 362 1370 tum
385 1304 521 1389 validus,
542 1304 646 1368 multa
668 1303 875 1368 moliebaturz
898 1300 950 1368 cui
972 1301 1061 1367 bello
1085 1301 1226 1387 gerendo
1250 1298 1376 1368 Chares

167 1409 275 1459 zeum
298 1392 481 1479 praefectus
501 1396 594 1476 esset,
617 1391 783 1457 nonsatis
806 1392 842 1456 in
865 1413 903 1456 eo
921 1389 1074 1474 praesidii
1097 1390 1282 1474 putabatur.
1320 1390 1377 1455 Fit

201 1481 409 1570 Menestheus
431 1484 575 1565 praetor,
597 1481 682 1546 filius
702 1479 890 1566 Iphicratis,
913 1498 1012 1564 gener
1034 1478 1207 1564 Timothei,
1231 1481 1273 1560 [a.
1293 1478 1374 1560 355]

202 1574 244 1655 et,
266 1574 303 1635 ut
326 1571 367 1635 ad
390 1571 511 1634 bellum
529 1569 764 1652 proficiscatur,
788 1568 979 1633 decernitur.
1017 1566 1102 1633 Huic
1125 1568 1272 1652 collegae
1294 1569 1375 1633 dan·

201 1661 256 1724 tur
284 1659 347 1723 duo
376 1681 438 1723 usu
470 1657 693 1742 sapientiaque
723 1660 926 1740 praestantes
959 1656 1037 1741 viri,
1069 1678 1206 1740 quorum
1238 1657 1376 1722 consilio

202 1750 356 1831 uteretur,
379 1751 472 1831 pater
496 1749 530 1810 et
550 1768 650 1829 socer,
673 1744 759 1830 quod
781 1746 817 1809 in
839 1746 891 1810 his
914 1748 1009 1810 tanta
1032 1750 1104 1810 erat
1127 1746 1316 1831 auctoritas,
1338 1749 1377 1810 ut

167 1851 320 1920 smagna
343 1856 417 1918 spes
441 1838 527 1899 esset
548 1856 606 1918 per
631 1856 686 1899 eos
710 1835 831 1899 amissa
853 1855 949 1917 posse
976 1834 1166 1918 recuperari.
1213 1833 1375 1909 Quicum

200 1923 397 2008 Byzantium
421 1923 652 1988 contenderent
674 1927 708 1987 et
730 1923 842 1987 eodem
861 1920 982 1988 Chares
1006 1923 1137 1987 illorum
1161 1922 1302 1989 adventu
1324 1943 1377 1987 eo·

202 2011 309 2098 guito,
336 2033 378 2076 ne
402 2011 478 2096 quid
507 2011 641 2077 absente
669 2032 703 2075 se
726 2015 855 2097 gestum
878 2011 1053 2094 videretur,
1082 2032 1155 2076 cum
1179 2011 1247 2076 suis
1271 2011 1375 2097 copiis

200 2100 471 2185 proficisceretur,
502 2099 631 2184 accidit,
659 2100 735 2165 dum
763 2101 804 2165 ad
837 2100 992 2186 oppidum
1025 2100 1304 2184 appropinquant,
1338 2102 1376 2164 ut

201 2209 321 2273 magna
334 2193 511 2274 tempestas
526 2195 684 2254 oreretur:
699 2211 796 2274 quam
810 2190 932 2253 evitare
943 2188 1006 2253 duo
1019 2191 1143 2253 vetares
1159 2189 1374 2273 imperatores

167 2279 281 2343 sutile
306 2276 456 2343 arbitrati
479 2300 572 2343 suam
595 2278 733 2343 classem
757 2280 1015 2361 suppresserunt.
1051 2277 1098 2342 At
1121 2277 1177 2341 ille
1200 2277 1374 2342 temeraria

201 2389 279 2432 usus
301 2367 427 2432 ratione
450 2389 515 2432 non
539 2366 637 2432 cessit
660 2367 818 2431 maiorum
841 2370 921 2431 natu
944 2366 1139 2449 auctoritati,
1163 2369 1205 2451 at,
1226 2369 1265 2430 ut
1288 2366 1315 2429 si
1339 2366 1375 2430 in

202 2479 261 2521 sua
283 2457 360 2522 navi
384 2459 468 2521 esset
493 2456 638 2540 fortuna,
667 2477 730 2539 quo
758 2454 982 2535 contenderat,
1010 2454 1169 2539 pervenit,
1199 2455 1375 2539 eodemque

201 2549 238 2609 ut
266 2548 488 2629 sequerentur,
516 2545 556 2610 ad
580 2544 787 2609 Timotheum
814 2550 847 2608 et
875 2542 1071 2628 Iphicratem
1098 2543 1248 2607 nuntium
1276 2544 1376 2607 misit

202 2632 265 2699 Sed
292 2635 375 2698 male
403 2656 437 2698 re
454 2637 558 2719 gesta
581 2633 864 2717 compluribusque
895 2631 1021 2697 amissis
1048 2631 1186 2696 navibus
1207 2653 1260 2716 eo,
1290 2632 1376 2697 unde

202 2727 273 2787 erat
299 2722 477 2807 profectus,
508 2744 542 2786 se
569 2722 691 2805 recapit
718 2722 907 2805 litterasque
935 2720 1083 2785 Athenas
1115 2720 1243 2805 publice
1274 2721 1376 2805 misit,

203 2810 265 2874 sibi
297 2810 439 2894 proclive
470 2810 570 2874 fuisse
601 2808 797 2892 Byzantium
829 2830 957 2892 capere,
988 2809 1051 2874 nisi
1083 2831 1103 2873 a
1134 2808 1307 2874 Timotheo
1341 2817 1376 2874 et

167 2932 183 2982 5
203 2897 366 2983 Iphicrate
390 2898 535 2962 desertus
559 2903 651 2962 esset.
688 2896 831 2980 Populus
855 2905 928 2962 ac‘er
951 2901 983 2962 et
1007 2899 1156 2982 suspicax
1175 2899 1217 2963 ob
1239 2920 1376 2982 eamque

201 3009 270 3051 rem
280 2987 588 3072 mobilis,imprimis
598 2986 763 3070 potentiae
774 2986 978 3053 adversarius
990 2991 1087 3071 atque
1097 2987 1235 3072 invidus,
1243 2986 1378 3052 domum

201 3075 276 3141 illos
295 3081 439 3140 revocat:
463 3079 656 3141 accusantur
673 3075 875 3159 proditionis.
912 3074 961 3140 lllo
979 3074 1098 3140 iudicio
1118 3074 1206 3140 dam·
1230 3077 1273 3156 [a.
1292 3076 1374 3157 354]

202 3167 298 3229 natur
321 3164 511 3229 Timotheus
534 3165 638 3249 lisque
662 3165 731 3228 eius
761 3163 952 3229 aestimatur
981 3168 1110 3228 eentum
1136 3164 1276 3229 talentis.
1313 3164 1376 3229 Ille

203 3252 278 3318 odio
302 3254 450 3338 ingratae
474 3253 615 3318 civitatis
639 3250 824 3318 Chalcidem
848 3273 882 3317 se
905 3251 1053 3317 contulit
1170 3332 1174 3339 .

169 3377 184 3425 1
293 3341 351 3408 IV.
380 3339 479 3407 (luins
506 3344 582 3426 post
610 3338 780 3428 mortem⁶)
808 3363 881 3407 cum
908 3341 1064 3426 populum
1091 3339 1202 3405 iudicii
1227 3341 1277 3405 sui
1300 3362 1377 3425 pae-

203 3432 335 3515 niteret,
359 3431 481 3495 multae
504 3451 618 3496 novem
642 3433 752 3513 partes
775 3429 915 3494 detraxit
938 3433 972 3493 et
994 3430 1102 3494 decem
1123 3429 1248 3494 talenta
1269 3427 1378 3497 (lonc-

201 3543 289 3606 nsm,
312 3520 413 3586 filium
437 3521 519 3604 eius,
542 3520 582 3584 ad
607 3518 691 3583 muri
715 3518 876 3603 quandam
899 3521 1026 3602 partem
1049 3517 1253 3582 reficiendam
1276 3519 1377 3583 iussit

202 3609 286 3675 dare.
323 3608 394 3685 Qua
412 3609 446 3673 in
464 3630 499 3673 re
517 3609 668 3674 fortunae
686 3608 825 3672 varietas
850 3611 899 3671 est
918 3606 1153 3671 animadversa.
1186 3605 1275 3671 Nam
1293 3628 1376 3691 quos

240 3836 261 3904 ³)
280 3840 332 3889 489
350 3836 432 3889 unter
450 3835 579 3890 Pericles.
815 3835 914 3889 stshen
927 3835 1048 3902 kdnnen,
1065 3833 1125 3889 sich
1139 3831 1268 3889 auflbstc.
1294 3832 1379 3889 Denn

239 3907 261 3974 ⁴)
280 3905 366 3960 Beide
381 3906 480 3960 Sttdte
494 3906 631 3976 gehdrtsn
649 3923 697 3960 zur
711 3906 759 3961 Sa·
815 3907 908 3961 Athen
932 3904 1035 3960 musste
1059 3904 1230 3960 schliesslioh
1253 3904 1307 3958 den
1327 3904 1377 3960 ab·

202 3977 295 4046 trapis
314 3977 363 4032 des
381 3976 592 4031 Ariobarzanes.
815 3975 975 4046 gesallenen
1006 3974 1256 4046 Bundesgenossen
1287 3974 1378 4031 Aute-

240 4051 261 4120 ⁵)
283 4047 382 4117 Chius,
403 4047 518 4102 Rhodus
540 4046 598 4102 und
621 4046 682 4103 Cos.
723 4048 761 4102 Es
815 4047 908 4101 nomie
936 4046 1095 4117 gswthrcn.
1132 4046 1186 4101 Mit
1213 4047 1262 4101 der
1288 4047 1379 4102 durch

201 4120 240 4174 ist
262 4120 323 4174 dies
346 4120 396 4173 der
420 4116 583 4173 athanisehe
601 4119 761 4188 Bundesge·
815 4116 948 4173 Chabrias
973 4119 1030 4172 und
1056 4116 1221 4173 Timotheus
1246 4134 1301 4173 neu
1327 4119 1378 4173 be-

202 4190 383 4260 nossenlrrieg
397 4190 567 4260 (tol-355),
581 4187 611 4243 in
625 4189 762 4245 walchem
814 4187 970 4260 grdndcten
987 4188 1199 4243 Seeherrsehaft
1212 4189 1320 4243 Athens
1339 4188 1379 4243 ist

202 4261 248 4316 dle
272 4261 357 4316 letata
382 4260 555 4329 griechische
578 4259 689 4326 Macht‚
716 4261 762 4315 die
816 4277 845 4314 es
863 4276 922 4314 nun
940 4260 1045 4315 vorbei.

203 4327 377 4402 Philippvon
384 4330 567 4388 Macedonian
577 4332 656 4387 hbttc
663 4332 762 4386 wider·
852 4331 874 4398 ⁶)
893 4330 932 4384 Er
949 4331 1027 4386 starb
1045 4331 1118 4385 noch
1136 4330 1176 4385 im
1193 4329 1279 4386 Jahrs
1297 4334 1361 4388 854.
