3028 4908
191 199 235 266 90
630 199 792 257 ATTIOUS.
817 204 921 255 10.11.

192 386 288 429 nemo
302 386 368 429 non
383 384 502 447 magno
517 360 706 448 periculo²⁹)
722 362 866 428 Atticum
881 362 1023 427 futurum
1037 357 1214 447 putaratffi)
1228 364 1364 445 propter

156 470 173 516 a
192 452 343 517 intimam
366 452 623 518 familiaritatem
647 449 810 516 Ciceronis
833 455 866 516 et
888 450 992 516 Bruti.
1036 449 1151 534 Itaque
1179 451 1220 514 ad
1243 449 1363 514 adven-

192 544 262 606 tum
282 536 570 626 imperatorumffi),
591 541 709 605 timens
727 540 1006 624 proscriptionem,
1024 539 1063 603 de
1080 539 1152 603 foro
1172 538 1363 624 decesserat,

190 631 377 714 latebatque
396 629 482 713 apud
500 628 535 693 P.
549 627 775 710 Volumnium,
794 630 858 712 cui,
880 634 918 694 ut
936 627 1150 711 ostendimur,
1167 627 1266 712 paulo
1286 631 1362 692 ante

191 740 284 804 opem
307 719 428 783 tulerat
451 715 558 804 (tanta
580 719 721 783 varietas
744 718 811 782 illis
834 715 1035 800 temporibus
1057 715 1121 781 fuit
1142 716 1302 801 fortunae,
1324 720 1362 781 ut

190 807 286 873 modo
308 808 354 891 hi,
376 807 472 872 modo
491 806 539 871 illi
557 806 591 871 in
610 827 735 871 summo
755 811 862 871 essent
881 810 938 871 aut
961 806 1094 890 fastigio
1118 808 1175 869 aut
1192 803 1364 891 periculo),

189 896 394 980 habebatque
413 917 520 960 secum
540 893 577 970 Q.
592 893 731 960 Gellium
751 892 886 976 Canum,
909 894 1075 978 aequalem
1096 893 1363 979 simillimumque

155 985 250 1049 esui.
294 983 381 1049 Nam
407 985 470 1051 hoc
498 1005 625 1069 quoque
654 988 704 1048 est
730 981 833 1049 Attici
861 984 1018 1049 bonitatis
1046 983 1247 1066 exemplum,
1274 983 1362 1068 quod

191 1095 265 1138 eum
287 1096 333 1153 eo,
358 1095 452 1157 quem
470 1094 606 1157 puerum
628 1074 664 1136 in
682 1072 759 1137 ludo
783 1076 949 1157 cognorat,
972 1072 1052 1136 adeo
1078 1072 1246 1137 coniuncte
1268 1072 1362 1155 vixit,

155 1166 227 1227 4ut
254 1162 295 1227 ad
322 1166 500 1228 extremam
526 1164 665 1226 aetatem
693 1161 838 1226 amicitia
870 1182 981 1226 eorum
1008 1161 1153 1226 creverit.
1197 1160 1362 1225 Antonius

192 1254 314 1334 autem,
342 1251 406 1316 etsi
432 1255 527 1316 tanto
555 1250 628 1316 odio
654 1250 822 1315 ferebatur
848 1250 883 1313 in
910 1250 1110 1331 ciceronem,
1140 1253 1179 1313 ut
1208 1249 1362 1313 omnibus

191 1342 291 1405 etiam
318 1341 387 1405 eius
415 1339 528 1404 amicis
551 1343 637 1404 esset
659 1339 823 1423 inimicus,
851 1360 907 1403 eos
930 1343 968 1403 ut
990 1334 1136 1424 vellet⁸²)
1159 1337 1362 1423 proscribere

190 1429 302 1494 multis
325 1428 541 1507 hortantibus,
564 1430 675 1493 tamen
693 1426 797 1493 Attici
820 1448 942 1492 memor
960 1426 1022 1491 luit
1045 1426 1145 1491 officii
1169 1430 1203 1491 et
1226 1427 1264 1510 ei,
1288 1448 1362 1491 cum

189 1518 387 1602 requisisset,
405 1518 539 1582 ubinam
557 1520 653 1601 esset,
672 1538 731 1581 sua
751 1538 851 1581 manu
869 1516 1010 1599 scripsit,
1027 1537 1067 1579 ne
1085 1515 1217 1580 timeret
1235 1517 1362 1581 statim·

191 1628 252 1691 que
281 1606 320 1670 ad
350 1627 384 1670 se
411 1607 551 1670 veniret:
583 1627 617 1670 se
646 1608 679 1669 et
708 1604 801 1670 illum
832 1608 865 1669 et
893 1602 1036 1669 Gellium
1064 1602 1188 1670 Canum
1222 1603 1261 1669 de
1288 1626 1364 1688 pro·

191 1694 386 1779 scriptorum
408 1716 543 1759 numero
563 1693 729 1758 exemisse.
762 1694 811 1757 Ao
829 1715 869 1758 ne
894 1693 978 1777 quod
997 1693 1174 1778 perIculum
1197 1693 1363 1779 incideret,

156 1784 276 1868 squod
298 1789 397 1849 noctu
420 1783 501 1847 haec
520 1782 725 1866 gerebantur,
748 1780 944 1865 praesidium
969 1782 998 1845 ei
1021 1782 1120 1846 misit.
1161 1779 1215 1846 Sic
1229 1782 1361 1847 Atticus

189 1871 225 1935 in
249 1893 375 1937 summo
398 1872 515 1936 timore
538 1892 605 1935 non
628 1871 734 1935 solum
756 1870 829 1955 sibi,
852 1870 907 1935 sed
932 1870 1030 1935 etiam
1054 1870 1093 1948 ei,
1115 1891 1211 1954 quem
1235 1871 1364 1937 carissi-

155 1976 171 2024 c
191 1982 278 2024 mum
296 1959 448 2043 habebat,
466 1957 628 2042 praesidio
646 1958 718 2024 fuit
754 1957 876 2034 Quodsi
895 1958 924 2023 is
942 1959 1118 2042 praecipua
1137 1958 1231 2024 laude
1248 1961 1361 2042 fertur,

191 2048 247 2132 qui
273 2070 387 2113 navem
415 2070 453 2112 ex
475 2047 581 2112 hieme
612 2047 757 2132 marique
784 2049 955 2130 scopuloso
984 2044 1180 2134 servaritll),
1208 2070 1264 2113 cur
1293 2071 1361 2114 non

191 2137 364 2222 singularis
387 2136 455 2201 eius
479 2137 682 2201 existimetur
700 2136 879 2220 prudentia,
899 2137 955 2220 qui
973 2158 1012 2201 ox
1030 2140 1082 2202 tot
1099 2143 1232 2221 tamque
1252 2140 1362 2223 gravi·

190 2227 251 2291 bus
274 2226 424 2310 procellis
448 2225 600 2290 civilibus
624 2224 664 2290 ad
687 2225 946 2290 incolumitatem
968 2225 1174 2309 pervenerit?

157 2330 171 2377 1
279 2314 335 2379 XI.
359 2314 482 2390 Quibus
501 2336 540 2378 ex
558 2314 652 2378 malis
671 2317 708 2378 ut
721 2314 792 2398 ipse
811 2314 950 2397 emersit,
968 2314 1049 2378 nihil
1069 2314 1156 2378 aliud
1176 2314 1244 2398 egit
1261 2336 1361 2399 quam

189 2409 348 2489 utquam
375 2403 538 2487 plurimis,
568 2402 683 2488 quibus
711 2402 809 2467 rebus
837 2405 961 2487 posset,
990 2408 1077 2467 esset
1103 2403 1233 2468 auxilio.
1278 2401 1361 2469 Gom

59 2487 70 2508 ’
190 2494 387 2577 proscriptos
406 2493 561 2577 praemiis
579 2494 811 2576 imperatorum
829 2491 995 2556 inductum
1011 2493 1129 2576 vulgus
1149 2492 1361 2577 conquireret,

189 2603 284 2647 nemo
306 2583 342 2646 in
364 2577 547 2667 Epirumffl)
575 2581 677 2664 venit,
704 2581 756 2645 cui
783 2601 835 2645 res
862 2581 932 2645 ulla
954 2579 1104 2645 defuerit:
1137 2581 1215 2665 quin
1237 2583 1361 2647 nemini

154 2686 169 2733 a
189 2692 254 2736 non
278 2671 325 2735 ibi
347 2674 502 2755 perpetuo
526 2670 677 2734 manendi
699 2673 845 2753 potestas
865 2669 953 2734 facta
976 2673 1040 2734 est:
1063 2675 1140 2755 quIn
1163 2671 1260 2734 etiam
1284 2675 1361 2754 post

189 2760 348 2844 proelium
368 2759 576 2842 Philippense
599 2759 829 2843 intentumque
848 2756 883 2824 0.
900 2756 1003 2823 Cassii
1023 2762 1056 2822 et
1075 2758 1117 2822 Μ
1132 2757 1227 2822 Bruti
1248 2760 1289 2838 [a.
1298 2760 1356 2842 42]

190 2846 226 2911 L.
247 2846 366 2911 lulium
389 2846 553 2911 Mocillam
576 2847 773 2930 praetorium
802 2852 836 2911 et
858 2846 958 2911 fllium
982 2848 1050 2911 eius
1073 2846 1259 2931 Aulumque
1282 2847 1361 2913 'Por-

191 2940 325 3019 quatum
348 2938 535 3019 ceterosque
554 2935 625 3020 pari
646 2933 778 2999 fortuna
797 2935 964 3019 perculsos
987 2936 1132 3001 instituit
1153 2937 1239 3000 tueri
1262 2944 1360 3022 atque

155 3040 230 3088 aex
252 3023 355 3108 Epiro
378 3024 418 3087 iis
442 3023 551 3088 omnia
575 3020 833 3088 Samothraciam
857 3024 1044 3109 supportari
1066 3024 1171 3089 iussit.
1215 3024 1360 3090 Difficile

188 3117 238 3177 est
260 3113 370 3178 omnia
396 3112 545 3196 persequi
572 3118 605 3176 et
628 3133 693 3176 non
719 3112 948 3177 necessarium.
993 3111 1103 3178 Unum
1125 3113 1187 3178 hoe
1214 3115 1361 3199 intellegi

189 3201 347 3283 volumus,
365 3201 454 3265 illius
472 3200 705 3266 liberalitatem
721 3199 826 3285 nequo
844 3203 1075 3286 temporariam
1088 3222 1192 3286 neque
1206 3203 1360 3268 callidam

153 3289 297 3355 afuisse.
337 3289 375 3354 Id
399 3312 437 3354 ex
460 3290 541 3372 ipsis
564 3291 660 3354 rebus
684 3310 721 3354 ac
743 3290 945 3373 temporibus
969 3290 1105 3356 iudicari
1127 3295 1250 3376 potest,
1273 3292 1359 3376 quod

188 3401 254 3445 non
280 3379 471 3444 florentibus
499 3401 533 3443 se
561 3378 752 3460 venditavit,
782 3379 839 3443 sed
866 3378 1003 3443 adflictis
1034 3401 1160 3463 semper
1187 3382 1360 3446 succurrit:

191 3469 246 3550 qui
270 3469 398 3553 quidem
417 3466 598 3552 Serviliam,
615 3467 711 3532 Bruti
734 3470 880 3551 matrem,
902 3489 969 3532 non
991 3469 1097 3532 minus
1121 3473 1198 3551 post
1220 3473 1360 3535 mortem

152 3556 247 3621 sfilii
269 3579 366 3640 quam
387 3557 558 3622 florentem
586 3557 731 3622 coluerit.
776 3555 898 3620 Eadem
929 3558 1125 3621 liberalitate
1153 3580 1230 3623 usus
1253 3559 1360 3623 nullas

188 3646 378 3711 inimicitias
401 3646 518 3730 gessit,
546 3645 632 3730 quod
658 3665 762 3729 neque
792 3644 943 3710 laedebat
965 3666 1159 3730 quemquam
1186 3668 1305 3732 nequo,
1332 3647 1363 3712 si

190 3756 287 3818 quam
306 3735 457 3800 iniuriam
476 3737 653 3818 acceperat,
671 3732 814 3799 malebat
831 3733 943 3799 ulcisci
961 3756 1058 3819 quam
1078 3735 1235 3800 oblivisci.
1269 3734 1361 3800 Idem

224 3943 261 4084 ip)
276 3942 586 4069 ffimllddtidfliebv’die
612 4013 746 4083 bedingte
800 3941 872 4068 Urid)
883 3943 1361 4072 sboidffibbhdflicfllilegrmbdiniiiid

188 4085 272 4142 I'orm
290 4087 388 4152 „hatte
406 4086 568 4155 geglaubt“.
660 4153 666 4166 ⁸
801 4085 851 4154 qui
869 4085 949 4139 nicht
962 4088 1060 4156 streng
1077 4104 1131 4140 nur
1148 4103 1185 4141 an
1198 4086 1309 4142 Atticus
1324 4059 1360 4142 ad

225 4157 260 4227 ⁸¹)
287 4156 344 4212 Der
379 4156 537 4212 Triumvirn
568 4156 747 4224 Octavianus,
801 4156 920 4225 denken,
934 4155 1055 4212 scudem
1070 4173 1107 4211 an
1120 4157 1202 4212 einen
1212 4158 1297 4214 Mami
1308 4159 1363 4215 wie

188 4228 325 4284 Antonius
344 4228 402 4283 und
419 4227 549 4298 Lepidus.
801 4227 922 4294 Atticus,
941 4227 992 4283 der
1009 4246 1037 4283 u.
1052 4246 1073 4284 s.
1087 4246 1122 4282 w.

226 4299 259 4367 ⁸²)
278 4299 315 4354 So
328 4297 386 4353 viel
398 4299 440 4354 als
455 4298 534 4367 „sich
548 4297 748 4364 entschltsse“,

189 4369 249 4424 also
267 4370 321 4424 mit
339 4370 480 4424 starkerer
498 4370 653 4438 Betonnng.
839 4368 873 4437 ⁸⁴)
892 4368 975 4425 hnm.
993 4386 1027 4422 an
1045 4368 1119 4440 VIII,
1139 4377 1163 4426 6.
