3028 4908
345 211 392 268 XI.
420 209 645 267 IPHICRATES.
668 216 693 267 3.
730 211 789 266 XII.
816 209 1006 267 CHABRIAS.
1031 217 1055 266 1.
1066 217 1090 265 2.
1257 211 1301 276 39

222 374 279 439 HI.
310 372 387 439 Euit
410 376 519 439 autem
538 377 570 438 et
593 373 700 439 animo
724 394 844 458 magno
868 377 902 438 et
919 395 1055 457 corpore
1077 374 1336 458 imperatoria-1

130 485 194 617 {¹3¹3
217 464 348 617 {tta
364 463 506 634 titt
519 462 1220 636 “dtssuftttttmltttrtttlttl
1241 464 1303 616 ll

1226 602 1235 635 7

131 641 362 726 Theopompus
376 639 549 705 memoriae
564 639 713 723 prodidit,
726 640 830 704 bonus
844 661 921 705 varo
935 640 1015 705 civis
1033 639 1159 724 fideque
1172 661 1301 727 magna.

132 729 227 806 Quod
249 750 323 795 eum
346 729 380 792 in
403 729 476 793 aliis
499 728 596 792 rebus
619 728 805 812 declaravit,
827 731 898 793 tum
921 727 1060 793 maxime
1082 728 1117 793 in
1140 729 1337 813 Amyntaea

131 817 319 883 Macedonis
341 817 453 882 liberis
480 817 616 882 tuendis.
661 816 810 901 Namque
833 817 1009 901 Eurydice,
1036 820 1141 882 mater
1165 819 1207 898 [a.
1221 817 1300 899 369]

132 906 306 973 Perdiccae
328 909 362 970 et
383 904 536 990 Philippi,
558 927 631 970 cum
653 906 706 971 his
729 905 855 971 duobus
877 904 986 989 pueris
1004 905 1149 990 Amynta
1172 911 1301 972 mortuo

132 996 173 1060 ad
199 994 397 1079 Iphicrateffi
425 993 573 1079 confugit
605 994 737 1079 eiusque
766 995 881 1079 opibus
912 994 1043 1059 defensa
1073 991 1163 1081 esu).
1209 993 1336 1062 Vixit3

131 1085 172 1149 ad
196 1087 394 1149 senectutem
415 1081 554 1166 placatis
577 1082 613 1147 in
637 1105 671 1148 se
694 1104 825 1148 suorum
849 1083 966 1147 civium
992 1083 1116 1148 animis.
1162 1080 1301 1149 Causam

131 1173 247 1257 capitis
262 1172 362 1237 semel
376 1171 466 1254 dixit,
479 1171 568 1236 bello
583 1172 705 1251 sociali,
720 1171 816 1236 simul
830 1193 904 1236 cum
918 1171 1091 1238 Timotheo
1098 1169 1147 1257 ¹⁰),
1167 1173 1209 1252 [a.
1219 1172 1299 1255 355]

132 1283 234 1347 eoque
270 1261 388 1326 iudicio
421 1265 472 1325 est
507 1260 687 1326 absolutus.
731 1260 922 1325 Menesthea
957 1260 1059 1325 filium
1095 1260 1227 1344 reliquit
1261 1283 1300 1326 ex

131 1350 295 1415 Thraessa
330 1352 460 1432 natum,
498 1345 572 1414 Coti
607 1349 694 1434 regis
730 1349 806 1413 filia.
851 1348 885 1413 Is
922 1370 995 1413 cum
1035 1350 1336 1436 interrogaremur

130 1444 242 1504 utrum
250 1437 290 1525 ¹¹)
316 1437 434 1522 pluris,
461 1439 588 1522 patrem
612 1442 805 1521 matremue,
832 1437 969 1520 faceret,
992 1435 1164 1502 ‘matrem'
1188 1438 1301 1522 inquit.

128 1525 168 1592 Id
199 1550 274 1593 cum
307 1527 457 1592 omnibus
489 1527 608 1591 mirum
639 1526 816 1608 videretur,
839 1525 906 1591 ‘at'
933 1526 989 1590 ille
1017 1524 1167 1592 ‘merito'
1196 1526 1303 1612 inquit

130 1615 250 1682 ‘faciet
277 1638 355 1681 nam
376 1619 471 1699 pater
497 1620 654 1699 quantum
680 1616 716 1680 in
746 1636 780 1680 se
809 1614 872 1680 fuit
895 1614 1072 1681 Thraecem
1099 1637 1151 1680 me
1180 1616 1303 1703 genuit,

129 1710 234 1771 mater
257 1701 514 1771 Atheniensem'.

530 2060 610 2134 ΧΠ.
652 2048 903 2135 CHABRIAS.

219 2201 244 2266 L
272 2199 431 2267 Chabrias
451 2200 659 2265 Atheniensis
682 2199 761 2265 item
783 2200 818 2264 in
838 2201 972 2265 summis
995 2201 1127 2266 habitus
1145 2205 1196 2267 est
1218 2203 1337 2271 duci-1

130 2292 190 2356 bus
208 2312 325 2375 resque
343 2290 462 2354 multas
481 2287 638 2354 memoria
657 2289 773 2374 dignas
793 2290 905 2374 gessit.
932 2288 995 2354 Sed
1013 2311 1052 2354 ex
1070 2291 1110 2355 iis
1130 2291 1268 2356 maxime
1276 2289 1301 2375 1)

129 2381 234 2445 elucet
260 2379 341 2443 illud
369 2380 436 2443 eius
464 2379 644 2461 inventum,
667 2377 766 2461 quod,
794 2399 867 2443 cum
889 2376 1033 2443 Boeotiis
1062 2378 1134 2443 sub·
1165 2380 1206 2459 [a.
1221 2380 1300 2461 377]

131 2468 214 2534 sidio
238 2467 390 2551 venisset,
412 2467 448 2531 in
470 2467 593 2550 proelio
618 2465 704 2550 apud
728 2466 858 2532 Thebas
881 2466 1055 2532 commisso
1077 2468 1165 2532 fecit.
1201 2466 1340 2540 Nam-a

131 2579 193 2641 que
215 2556 252 2620 in
274 2577 312 2621 eo
335 2578 408 2621 cum
427 2577 571 2620 summus
591 2555 654 2619 dux
674 2554 845 2640 Agesilaus
863 2554 986 2639 fugatis
1005 2555 1071 2620 iam
1092 2555 1302 2622 conducticiis

131 2646 270 2711 catervis
293 2666 365 2709 cum
388 2644 514 2728 reliqua
536 2644 699 2729 phalange
718 2644 855 2708 victoria
878 2644 1015 2708 confisus
1040 2645 1135 2729 signa
1156 2643 1302 2729 inferret,

132 2731 292 2798 Chabrias
316 2755 390 2798 suos
414 2734 486 2798 loeo
509 2733 612 2797 vetuit
635 2732 759 2815 cedere,
784 2732 968 2816 obnixoque
992 2754 1076 2818 genu
1100 2737 1207 2817 scuto,
1229 2756 1303 2817 pro-

131 2823 220 2888 iecta
241 2822 337 2888 hasta
360 2822 518 2906 impetum
540 2820 685 2885 hostium
704 2820 849 2905 excipere
867 2821 986 2887 docuit.
1020 2822 1058 2886 Id
1076 2844 1197 2887 novum
1215 2822 1301 2908 Age·

132 2912 235 2976 silaus
250 2915 404 2976 contuens
419 2909 572 2995 progredi
590 2913 723 2975 nonest
741 2932 838 2974 ausus
858 2932 997 2995 suosque
1015 2911 1081 2974 iam
1099 2913 1301 2977 incurrentes

130 3000 212 3064 tuba
237 3000 410 3064 revocavit.
447 2999 518 3064 Hoc
540 3021 643 3083 usque
666 3020 703 3064 eo
731 3003 802 3063 tota
825 2996 961 3064 Graecia
987 2999 1075 3064 fama
1104 2999 1337 3069 celebraturus

133 3092 191 3172 est,
209 3089 321 3153 utillo
341 3090 428 3152 statu
443 3085 600 3153 Chabrias
620 3087 682 3151 sibi
701 3090 843 3152 statuam
862 3087 931 3152 fieri
946 3088 1054 3170 vellet,
1073 3110 1155 3172 quae
1173 3089 1303 3174 publice

134 3177 165 3242 ei
193 3178 234 3242 ab
263 3177 517 3242 Atheniensibus
544 3177 579 3239 in
607 3176 677 3241 foro
705 3177 883 3240 constituta
911 3182 968 3241 est.
1013 3175 1151 3261 Exque
1179 3177 1303 3243 factum

132 3269 183 3331 est
202 3269 240 3330 ut
256 3269 372 3350 postea
391 3265 534 3330 athletae
553 3266 713 3349 ceterique
728 3264 869 3329 artifices
889 3265 954 3330 suis
974 3265 1113 3330 statibus
1132 3266 1166 3329 in
1186 3267 1302 3332 statuis

129 3354 290 3441 ponendis
313 3357 490 3419 uterentur.

221 3442 264 3508 II.
289 3441 448 3509 Chabrias
472 3446 578 3507 autem
603 3445 640 3506 ut
661 3442 764 3506 multa
786 3441 819 3505 in
839 3441 970 3526 Europa
994 3443 1079 3507 bella
1102 3442 1336 3511 administra-1

131 3532 190 3616 vit,
213 3554 286 3597 cum
315 3531 378 3596 dux
401 3530 649 3597 Atheniensium
673 3533 771 3614 esset,
801 3529 903 3596 sicin
927 3530 1080 3615 Aegypto
1104 3553 1163 3596 sua
1187 3535 1302 3615 sponte

132 3620 287 3685 bellavit:
310 3642 385 3685 nam
409 3617 626 3685 Nectanabim
649 3619 795 3684 adiutum
819 3619 981 3703 profectus
1004 3639 1141 3704 regnum
1166 3621 1206 3700 [a
1222 3619 1337 3701 379]s

12 3696 13 3761 ἶ
131 3710 163 3773 ei
187 3709 365 3775 constituit.
404 3706 539 3774 Fecerat
560 3709 646 3773 idem
670 3705 778 3792 Cypri,
801 3707 857 3771 sed
881 3707 1009 3790 publice
1032 3709 1073 3772 ab
1097 3707 1302 3774 Atheniensi·

130 3798 193 3862 bus
211 3797 384 3881 Euagorae
403 3796 532 3863 adiutor
550 3797 654 3880 datus,
672 3817 775 3881 neque
793 3796 882 3879 prius
902 3796 977 3860 inde
993 3795 1186 3863 discesserat
1203 3820 1303 3883 quam

169 4025 193 4096 ⁹)
211 4022 254 4080 Da
272 4042 302 4079 er
320 4023 423 4093 gerado
440 4024 494 4079 mit
509 4023 585 4079 einer
598 4023 693 4079 Flotte
785 4022 818 4092 ¹⁰)
833 4020 1005 4079 DasNahere
1012 4023 1120 4080 hierfib.
1126 4025 1248 4080 Timoth.
1255 4024 1302 4079 111.

130 4097 162 4150 in
188 4097 243 4151 den
271 4094 504 4151 macedonischen
531 4095 693 4150 (leutssern
786 4094 819 4218 ¹2
833 4094 933 4149 Utrum
947 4093 986 4148 ist
999 4096 1061 4150 hier
1074 4093 1300 4164 nichtPartilxel,

130 4167 261 4234 brunate,
290 4167 382 4236 begab
411 4166 471 4221 sich
500 4165 545 4220 die
572 4166 692 4234 Kbnigs·
746 4182 796 4220 son
818 4183 867 4220 ern
884 4164 1049 4223 Pronomen.

130 4237 226 4293 witwe
253 4238 311 4291 und
338 4238 399 4292 ihre
423 4237 516 4293 Sohne
538 4236 568 4290 in
596 4236 693 4291 §einen
784 4236 804 4304 1)
836 4235 889 4290 Die
925 4235 1116 4292 berflhmteste
1147 4236 1230 4291 That
1253 4236 1302 4292 des

14 4356 15 4369 ,
133 4309 240 4363 Schutz
250 4325 341 4390 gagen
351 4307 693 4379 denKrcnpratendenten
746 4306 894 4374 Chabrias,
913 4307 967 4361 den
989 4307 1102 4376 grolsen
1121 4308 1234 4377 Seesieg
1258 4307 1304 4363 bei

132 4379 299 4437 Pausanias.
746 4379 840 4433 Naxus
859 4384 919 4448 876,
939 4378 1125 4449 verschweigt
1142 4377 1246 4449 Nepos.
