3028 4908
527 246 558 307 L,
577 244 784 301 MILTIADES.
812 251 838 302 5.
859 251 884 300 6.
1272 243 1294 308 5

122 414 228 475 eastra
247 409 373 474 fierent:
393 407 426 473 id
445 408 474 472 si
489 407 611 473 foetum
627 411 721 492 esset,
734 411 767 473 et
782 408 906 473 civibus
921 406 1065 472 animum
1080 427 1294 490 accessurum,

121 520 193 564 eum
207 498 353 562 viderent
368 496 406 560 de
425 497 570 580 ipsorum
584 496 704 561 virtute
723 518 791 561 non
810 496 983 581 desperari,
1000 499 1033 560 et
1051 496 1162 561 hostes
1182 496 1294 560 eadem

121 608 155 651 re
172 586 243 651 iore
266 585 436 669 tardiores,
458 586 487 649 si
506 584 799 650 animadverterent
821 581 979 670 auderi²⁰)
1000 584 1152 650 adversus
1173 588 1293 649 setam

122 675 246 759 exiguis
270 673 372 758 copiis
396 672 554 738 dimicari.

116 774 119 779 ⁴
208 762 248 828 V.
272 761 342 838 Quo
361 761 484 827 factum
499 766 550 826 est
567 764 605 826 ut
622 762 695 844 plus
713 783 812 845 quam
825 762 971 847 collegae
984 760 1147 826 Miltiades
1163 762 1294 826 valeret.
1314 774 1328 822 1
1424 758 1426 764 ’

121 850 218 917 Cuius
237 851 432 916 auctoritate
451 849 585 934 impulsi
598 849 814 915 Athenienses
833 851 944 935 copias
959 872 998 915 ex
1016 850 1095 914 urbe
1115 848 1294 914 eduxerunt

119 941 254 1024 locoque
277 939 393 1004 idoneo
417 942 524 1003 castra
543 938 698 1004 fecerunt.
740 938 812 1004 Hoc
835 940 870 1003 in
893 943 1040 1023 tempore
1062 938 1153 1003 nulla
1177 937 1291 1003 civitas
1311 951 1327 1000 2

120 1028 375 1094 Atheniensibus
409 1027 529 1092 auxilio
561 1026 624 1091 fuit
655 1030 784 1110 praeter
814 1028 1031 1115 Plataeenses.
1076 1024 1173 1111 Ea²¹)
1202 1027 1293 1091 mille

119 1117 209 1182 misit
231 1116 385 1198 militum,
408 1136 548 1199 quorum
572 1115 714 1182 adventu
737 1115 846 1181 decem
869 1116 960 1180 milia
983 1119 1184 1181 armatorum
1207 1137 1293 1180 com·

119 1206 210 1290 pleta
239 1208 324 1269 sunt.
369 1202 458 1279 Quae
487 1225 589 1288 parve
619 1226 734 1269 manus
765 1203 909 1270 mirabili
935 1204 1097 1290 flagrabat
1128 1204 1293 1289 pugnandi

121 1292 310 1376 cupiditate.
350 1292 435 1357 Dein
457 1289 711 1377 postero'die22)
735 1293 803 1357 acie
828 1314 845 1356 e
868 1294 1001 1378 regione
1024 1293 1187 1357 instructa
1209 1306 1329 1358 novae

122 1388 190 1446 arte
214 1382 266 1446 usi
290 1377 445 1467 (namque
464 1380 596 1445 arbores
616 1381 727 1445 multis
750 1382 831 1447 locis
852 1385 945 1445 erant
968 1377 1115 1467 stratae),
1138 1382 1296 1464 impetum

120 1468 264 1535 hostium
288 1472 556 1552 exspectaverunt
573 1469 636 1533 hoc
655 1469 799 1552 consilio,
822 1472 859 1534 ut
878 1473 911 1534 et
930 1470 1089 1534 montium
1108 1472 1296 1554 tegerentur

121 1557 294 1623 altitudine
322 1561 355 1622 et
385 1558 538 1622 arborum
565 1559 673 1622 tractu
702 1559 867 1642 equitatus
899 1557 1045 1622 hostium
1076 1557 1295 1641 impediretur.

99 1647 230 1730 Datis,
261 1647 323 1711 etsi
353 1667 421 1710 non
454 1667 593 1730 aequum
625 1647 732 1711 locum
765 1646 897 1711 videbat
930 1646 1013 1728 suis,
1045 1651 1156 1711 tamen
1192 1645 1331 1711 fretus4

36 1733 42 1744 ’
75 1756 255 1801 *numero
284 1735 452 1818 copiarum
482 1734 655 1818 confligere
683 1735 849 1820 cupiebat,
879 1731 1027 1820 eoque²³)
1054 1735 1173 1819 magis,
1201 1736 1295 1820 quod,

120 1824 310 1908 priusquam
328 1822 575 1888 Lacedaemonii
594 1822 738 1888 subsidio
759 1824 920 1907 venirent,
939 1824 1093 1889 dimicare
1110 1823 1191 1888 utile
1211 1824 1295 1888 arbi-

119 1912 276 1977 trabatur.
322 1911 437 1996 Itaque
464 1911 500 1976 in
527 1911 629 1976 aciem
656 1912 804 1995 peditum
836 1917 979 1993 eentum,
1008 1916 1153 1996 equitum
1186 1911 1295 1977 decem

119 2000 210 2064 milia
232 1999 388 2085 produxit
409 2000 635 2084 proeliumque
658 2001 829 2066 commisit
866 2000 905 2064 In
929 2022 992 2086 quo
1016 2003 1109 2065 tanto
1132 1999 1207 2084 plus
1230 2001 1330 2065 vir-5

118 2092 191 2153 tute
213 2089 386 2154 valuerunt
405 2088 631 2173 Athenienses,
654 2092 692 2153 ut
710 2089 939 2173 decemplicem
961 2110 1131 2154 numerum
1152 2088 1295 2154 hostium

118 2176 342 2262 profligarent,
365 2176 509 2262 adeoque
532 2198 588 2242 eos
610 2180 867 2263 perterruerunt,
890 2181 927 2243 ut
950 2178 1068 2243 Persae
1090 2199 1156 2242 non
1179 2180 1296 2261 eastra,

120 2265 177 2330 sed
199 2287 300 2330 naves
323 2268 479 2350 peterent.
527 2263 597 2340 Qua
619 2286 731 2350 pugna
753 2266 836 2330 nihil
859 2266 963 2332 adhue
987 2266 1114 2331 exstitit
1140 2266 1294 2331 nobilius:

119 2354 213 2419 nulla
236 2354 322 2419 enim
339 2360 495 2438 nmquam
517 2357 587 2418 tam
606 2355 725 2440 exigua
743 2376 859 2420 manus
877 2358 987 2420 tantas
1006 2376 1084 2439 opes
1107 2355 1295 2437 prostravit.
1410 2350 1412 2354 ’

209 2442 265 2508 VI.
295 2440 393 2507 (luins
416 2442 572 2507 victoriae
594 2464 661 2507 non
685 2443 828 2507 alienum
851 2442 978 2508 videtur
997 2443 1091 2526 quale
1113 2441 1292 2525 praemium
1315 2453 1329 2501 1

120 2529 262 2596 Miltiadi
277 2531 320 2596 sit
333 2531 495 2596 tributum
510 2531 634 2614 docere,
651 2551 714 2613 quo
729 2530 859 2596 facilius
877 2530 1024 2615 intellegi
1040 2530 1147 2614 possit
1161 2530 1296 2594 eandem

121 2619 268 2683 omnium
301 2619 469 2683 civitatum
506 2638 576 2683 esse
608 2624 768 2683 naturam.
815 2617 860 2683 Ut
892 2618 978 2683 enim
1008 2619 1123 2703 populi
1154 2617 1330 2684 Romania

120 2707 262 2772 honores
291 2706 455 2791 quondam
483 2706 614 2771 fuerunt
640 2707 708 2771 rari
730 2704 777 2771 et'
794 2709 907 2772 tenues
935 2707 977 2772 ob
1002 2727 1137 2791 eamque
1165 2728 1296 2772 causam

121 2794 268 2879 gloriosi,
291 2815 377 2859 nune
397 2798 505 2859 autem
524 2794 616 2859 effusi
635 2800 732 2879 atque
756 2795 905 2879 obsoleti,
928 2796 974 2860 sie
994 2796 1071 2861 olim
1090 2795 1176 2878 apud
1193 2795 1295 2860 Athe·

120 2882 251 2948 nienses
274 2881 376 2947 fuisse
403 2883 589 2966 reperimus.
635 2882 784 2967 Namque
811 2883 862 2947 illi
884 2882 1040 2968 Miltiadi,
1068 2884 1123 2969 qui
1145 2883 1330 2950 Athenase

120 2975 292 3054 totamque
312 2970 483 3036 Graeciam
496 2971 670 3054 liberarat,
693 2971 769 3036 talis
792 2971 897 3036 honos
920 2973 1064 3037 tributus
1085 2975 1145 3055 est,
1166 2973 1202 3037 in
1223 2995 1295 3057 por-

120 3060 199 3142 ticu,
218 3080 300 3143 quae
314 3059 443 3124 Poecile
457 3063 602 3141 vocatur,
621 3082 694 3125 cum
712 3081 824 3145 pugna
835 3061 1065 3144 depingeretur
1078 3059 1296 3142 Marathonia,

120 3152 158 3213 ut
182 3149 217 3211 in
241 3148 349 3213 decem
373 3151 560 3230 praetorum
580 3170 716 3214 numero
735 3149 838 3232 ipsius
857 3149 967 3234 imago
990 3150 1097 3232 prima
1119 3153 1295 3233 poneretur

119 3236 286 3301 hortantis
308 3236 430 3301 milites
453 3238 490 3300 ut
512 3236 642 3301 fortiter
663 3238 823 3320 proelium
843 3239 1094 3303 committerent.
1127 3237 1218 3302 Idem
1240 3238 1294 3302 ille
1313 3250 1331 3300 4

117 3324 269 3408 populus,
291 3328 502 3408 posteaquam
525 3325 630 3390 maius
654 3325 827 3410 imperium
850 3329 900 3391 est
926 3330 1043 3392 nactus
1066 3331 1100 3391 et
1122 3326 1295 3411 largitione

157 3551 192 3618 ¹⁰)
202 3549 307 3605 Auderi
317 3550 554 3618 dimicari‚direlrt
562 3551 681 3607 audetur
735 3554 860 3624 stellung
882 3552 963 3607 nicht
986 3569 1058 3623 genu
1080 3549 1193 3622 richtig.
1230 3549 1295 3605 Mil-

118 3621 256 3677 dimicari.
264 3621 417 3691 Vergldas
427 3622 539 3693 htufige
549 3625 681 3693 coeptum
734 3624 825 3679 tiades
843 3623 913 3693 griff
928 3626 986 3678 erst
1004 3640 1048 3690 an,
1067 3622 1109 3676 els
1128 3623 1173 3677 die
1188 3623 1293 3692 Perser,

118 3694 230 3760 estund
246 3693 368 3747 desitum
379 3695 422 3748 est
436 3693 511 3749 heim
520 3694 680 3762 infinpass.
735 3694 780 3749 die
799 3695 843 3748 die
862 3698 930 3763 gnte
950 3692 1080 3762 Stellung
1102 3694 1153 3748 der
1170 3696 1295 3749 Athener

115 3762 242 3818 Ahnlich
262 3764 299 3819 ist
311 3763 451 3835 Pergama
464 3763 560 3819 debita
574 3764 681 3819 vastari
734 3767 834 3833 sahsn,
852 3763 958 3819 wieder
981 3764 1115 3834 absegeln
1133 3764 1248 3820 wollten
1266 3785 1293 3821 n.

115 3832 194 3889 heim
212 3835 298 3904 Verg.
316 3834 385 3890 Aen.
404 3833 479 3902 VHI,
498 3840 559 3890 3⁷5.
583 3834 680 3890 debita
735 3835 816 3890 einen
829 3834 891 3889 Tell
905 3837 954 3891 der
965 3837 1104 3906 droppen,
1118 3835 1293 3892 namentlieh

116 3904 255 3974 compleri
272 3905 321 3973 IX,
341 3912 400 3961 107.
734 3907 779 3961 die
790 3905 922 3974 Reiterei,
932 3906 978 3962 die
987 3905 1090 3963 Herod.
1101 3905 1293 3976 garnichter-

156 3975 679 4047 ⁹¹)Ea‚weilPlataeensesfflrPlatae·
733 3975 1293 4047 wthntschonwiedereingeschiffthat·

116 4047 229 4102 ensium
248 4046 391 4102 civitatem
411 4047 495 4101 steht
732 4051 791 4104 ten.
814 4047 908 4103 Daher
921 4047 1116 4105 dieDifferenz
1130 4048 1294 4103 derZahlen

155 4117 190 4187 ¹¹)
209 4116 261 4172 Die
275 4115 341 4171 hier
351 4118 482 4188 folgende
494 4117 680 4188 Darstellung
732 4119 1293 4188 awisehen54undobenlv,1.llntschie·

116 4188 168 4244 der
195 4187 331 4243 Schleeht
357 4189 404 4244 bei
431 4189 500 4243 Mar.
524 4188 564 4243 ist
592 4192 679 4242 etwas
734 4190 788 4244 den
797 4189 941 4259 unriehtig
951 4189 1220 4259 alsoistbeiNepos‚
1231 4189 1292 4245 duis

115 4259 215 4329 lrnapp
233 4259 291 4313 und
309 4259 340 4313 in
359 4258 472 4328 einigen
486 4257 611 4313 Stdclren
624 4275 679 4314 von
734 4261 815 4315 Datis
834 4261 1007 4331 angegriffen
1026 4262 1084 4316 und
1102 4278 1165 4315 zum
1182 4260 1296 4329 Angriff

114 4330 245 4385 Herodot
262 4328 299 4400 (V
300 4329 322 4399 1,
339 4336 389 4385 109
404 4331 468 4399 etc.)
487 4329 679 4385 abweichend.
734 4332 805 4386 auch
825 4331 871 4386 die
887 4331 1012 4387 Reiterei
1029 4332 1174 4386 vernandt
1192 4332 1273 4386 habe.

114 4399 198 4457 Doeh
216 4402 289 4455 auch
307 4402 354 4458 bei
368 4401 473 4458 diesem
491 4401 531 4454 ist
548 4400 595 4457 die
609 4401 679 4456 Dar·
772 4402 807 4473 ²⁸)
824 4402 906 4458 Arm.
924 4419 958 4457 au
976 4402 1060 4472 Ages.
1078 4401 1127 4472 Vl,
1146 4407 1171 4457 8.
