3028 4908
177 236 216 290 rv
462 206 467 219 '
561 236 769 292 ranacario
789 235 968 294 anrroars.

176 399 291 464 horum
322 399 374 463 vel
406 399 521 481 optimi
554 420 666 464 omnes
698 401 967 484 interpolatorum
999 401 1096 485 nugis
1129 399 1273 484 adspersi
1306 421 1345 464 ea

176 505 325 571 dictionis
345 505 426 570 vitia
443 505 612 591 haberent,
636 528 717 590 quac
736 507 770 570 in
790 508 979 590 scriptorem
994 504 1167 584 Ciceronis,
1187 504 1347 590 Caesaris,

177 611 339 694 Sallustii,
367 611 469 676 Attici
500 613 666 696 aequalem
695 616 727 677 et
753 612 820 677 fere
852 614 1045 678 familiarem
1073 613 1185 678 cadere
1213 612 1344 677 minime

175 719 367 784 viderentur.
412 716 531 783 Postea
558 740 632 784 cum
659 718 808 783 Weidner
831 720 904 784 aliis
932 719 1048 784 studiis
1077 722 1252 802 occupatus
1275 741 1344 783 rem

175 824 230 887 vix
247 824 433 888 incohatam
452 825 646 909 reliquisset,
660 829 813 890 monente
821 825 1126 911 Parthenopolitani
1144 826 1241 908 illius,
1260 825 1344 910 quod

175 930 325 1015 diximus,
344 932 506 1015 gymnasii
522 934 655 1010 rectore,
674 929 759 996 Guil.
777 931 909 1016 Herbst,
932 952 993 1017 ego
1013 955 1085 997 eam
1103 933 1138 996 in
1160 954 1211 996 me
1230 933 1345 1017 recepi,

175 1042 367 1121 gratumque
390 1037 534 1102 facturus
557 1037 696 1102 maxime
723 1038 773 1102 illi
796 1038 925 1103 scholae
948 1037 1030 1102 mihi
1052 1036 1198 1121 videbar,
1224 1040 1257 1102 in
1281 1047 1345 1123 qma

174 1144 239 1207 talc
260 1141 384 1227 aliquid
402 1142 523 1207 iamdiu
545 1142 763 1207 desideratum
786 1146 880 1208 esset.
916 1143 965 1208 Ac
984 1144 1123 1226 primum
1141 1142 1342 1229 Nipperdeyi

175 1250 314 1314 maxime
347 1250 589 1331 annotationes,
625 1271 705 1334 quas
738 1250 861 1314 maiore
893 1250 1033 1314 editione
1067 1248 1210 1336 (Lipsiae
1243 1248 1343 1336 1849)

176 1356 334 1440 exhibuit,
367 1360 509 1439 secutus,
541 1357 617 1442 quid
650 1356 689 1421 dc
717 1378 842 1442 quaque
875 1378 910 1420 re
939 1359 1061 1420 veteres
1080 1357 1265 1441 scriptores
1294 1358 1345 1422 vel

175 1461 314 1528 Romani
346 1463 398 1528 vel
431 1461 546 1529 Gracci
582 1463 717 1548 dignum
749 1464 810 1527 fide
842 1464 892 1527 rel
925 1463 1093 1547 indignum
1124 1463 1346 1546 tradidissent,

175 1568 371 1655 examinavi3
407 1569 521 1633 deinde
554 1573 702 1635 accurate
738 1569 878 1652 inspexi,
916 1590 1011 1652 quam
1048 1568 1151 1652 Roth,
1187 1568 1346 1653 Benecke,

176 1672 273 1738 Halm
297 1698 336 1739 ex
358 1675 450 1740 libris
474 1675 653 1758 scripturae
676 1674 926 1756 discrepantiam
949 1673 1170 1760 vulgaverant.
1216 1672 1269 1740 Sic
1291 1677 1345 1740 via

175 1781 268 1864 quasi
285 1780 490 1864 praemunita
508 1779 597 1863 ipsas
616 1781 701 1845 vitas
720 1779 761 1844 ad
783 1803 879 1845 usum
897 1781 1081 1845 scholarum
1100 1781 1344 1847 accommodare

175 1906 348 1972 aggressus
372 1909 453 1970 sum,
474 1887 570 1972 idque
592 1887 654 1951 feci
677 1886 757 1951 hacc
780 1891 945 1970 spectans:

264 1995 297 2078 1)
318 1996 478 2058 utrarum
496 1992 656 2058 delectum
675 1997 708 2058 ct
726 1993 885 2058 sentiendi
904 1993 1130 2079 iudicandique
1145 1995 1184 2059 de
1204 1996 1341 2081 singulis

172 2100 224 2163 vel
246 2100 342 2164 rebus
365 2101 416 2165 vel
438 2099 625 2164 hominibus
643 2099 811 2184 rationem,
834 2103 872 2164 ut
894 2105 973 2184 apta
994 2100 1134 2185 ingeniis
1157 2123 1341 2185 puerorum,

174 2228 353 2290 servarem3

263 2310 299 2400 2)
323 2313 504 2378 orationem
524 2313 690 2396 scriptoris
714 2316 810 2397 atque
833 2312 931 2376 etiam
950 2334 996 2394 ca,
1019 2334 1100 2396 quae
1124 2314 1256 2397 propria
1275 2314 1343 2378 cius

175 2424 208 2485 et
231 2443 250 2485 a
273 2424 453 2486 ceterorum
476 2418 706 2484 cousuetudine
729 2419 857 2484 diversa
882 2422 998 2500 essent,
1021 2419 1116 2485 modo
1140 2441 1160 2484 a
1182 2420 1345 2484 latinitate

174 2549 215 2592 ne
239 2528 461 2611 abhorrerent,
482 2530 520 2590 ut
541 2526 726 2609 retinerem3

263 2630 299 2719 3)
322 2656 404 2717 quae
432 2637 539 2698 autem
568 2634 697 2698 solocca
724 2636 833 2698 essent
864 2635 921 2696 aut
948 2654 1021 2697 cum
1050 2633 1232 2717 praeceptis
1263 2633 1345 2698 bene

175 2739 335 2803 scribendi
364 2739 558 2823 pugnantia,
595 2739 663 2802 sive
691 2738 852 2803 scribendi
879 2739 1040 2822 elegantia
1068 2739 1136 2803 sive
1168 2739 1344 2805 disserendi

176 2845 341 2910 subtilitas
361 2844 604 2928 desideraretur,
618 2866 656 2909 ea
673 2848 710 2907 ut
729 2843 934 2909 emendarem
953 2850 1050 2927 atque
1066 2845 1113 2909 ita
1132 2846 1344 2930 emendarem,

175 2957 212 3016 ut
235 2952 275 3016 ad
298 2952 394 3016 fidem
417 2952 576 3016 librorum
599 2972 696 3034 quam
720 2950 865 3034 proxime
888 2948 1081 3014 accederem.

264 3057 300 3144 4)
323 3057 362 3122 In
385 3058 481 3122 rebus
506 3079 588 3142 quae
610 3057 695 3121 falso
717 3056 838 3121 tradita
861 3059 982 3138 essent,
1010 3078 1047 3121 ea
1069 3056 1104 3120 in
1134 3056 1241 3121 animo
1266 3062 1345 3142 erat,

177 3166 282 3250 quoad
304 3166 375 3230 fieri
397 3167 507 3249 posset
529 3163 704 3229 levioribus
726 3162 917 3246 quibusdam
940 3162 1269 3228 transmutationibus
1292 3164 1345 3227 vel

176 3272 481 3356 interpolationibus
515 3271 585 3335 sine
618 3270 768 3334 liberiore
801 3272 970 3333 contextus
1003 3268 1270 3353 conformatione,
1304 3269 1344 3333 ad

177 3383 357 3444 ceterorum
376 3378 571 3461 scriptorum
590 3375 816 3441 auctoritatem
835 3374 1010 3459 corrigere,
1029 3375 1080 3438 sin
1099 3374 1206 3438 minus
1225 3378 1346 3458 posset,

178 3484 444 3550 annotationibus
477 3483 641 3548 contextui
674 3481 842 3563 subiectis,
874 3480 949 3565 quid
982 3502 1109 3565 quoque
1140 3481 1212 3546 loco
1239 3481 1345 3546 verius

177 3595 235 3657 aut
257 3592 327 3657 veri
349 3591 486 3655 similius
509 3589 680 3672 videretur,
704 3589 846 3654 breviter
868 3588 982 3652 dicere.

266 3697 302 3782 5)
325 3697 458 3762 Eisdem
482 3695 744 3761 annotationibus
768 3695 917 3761 volebam
941 3698 986 3778 ct,
1012 3714 1093 3778 quae
1115 3692 1211 3756 nimis
1233 3712 1345 3775 presse

178 3806 219 3870 ob
234 3826 369 3888 eamque
382 3825 451 3869 rem
464 3805 570 3868 minus
584 3802 720 3867 dilucide
734 3801 952 3885 proferuntur,
962 3799 1138 3865 adiciendis
1154 3798 1346 3882 quibusdam

177 3912 274 3977 rebus
297 3910 488 3976 necessariis
511 3909 684 3993 explanare
708 3913 753 3992 ct,
782 3930 846 3992 quc
869 3907 997 3971 facilius
1021 3905 1149 3990 singula
1171 3906 1345 3971 memoriae

178 4018 417 4101 mandarentur,
440 4037 600 4081 annorum
623 4014 862 4098 computatione
886 4034 923 4076 ca
945 4011 1118 4093 illustrare,
1141 4011 1288 4096 denique,
1311 4012 1344 4075 in

178 4124 359 4190 elocutione
382 4125 409 4188 si
433 4145 496 4207 qua
518 4120 656 4205 Nepotis
679 4120 811 4205 propria
833 4118 1026 4202 viderentur,
1049 4117 1228 4203 designare.

268 4229 303 4318 6)
327 4230 506 4313 Praeterea,
529 4232 566 4292 ut
588 4227 629 4293 ad
646 4225 886 4311 percipiendam
905 4247 1013 4290 rerum
1028 4225 1144 4290 seriem
1162 4224 1345 4290 historiam·

179 4360 241 4423 quc
260 4335 514 4422 cognoscendam
533 4355 706 4420 puerorum
725 4337 850 4398 mentes
870 4332 1111 4415 adiuvarentur,
1130 4330 1228 4394 alium
1249 4337 1345 4413 atque
