3028 4908
546 215 566 269 I.
593 213 798 270 MILTIADES.
823 221 848 270 2.
868 221 892 272 3.
1286 212 1306 276 3

133 380 222 445 55155
242 380 311 443 eius
329 377 456 448 insulae
476 377 536 441 sub
554 379 752 461 potestatem
770 375 916 462 redigere
935 377 1034 441 vellet
1047 377 1306 461 Atheniensium,

132 469 230 552 idque
257 465 385 530 Lemnii
413 488 472 530 sua
499 469 614 549 sponte
642 466 786 530 facerent
813 466 1024 551 postulasset,
1052 466 1103 530 illi
1133 465 1306 530 irridentes

130 554 370 640 responderunt
396 557 467 618 tum
496 576 530 618 se
557 553 718 637 facturos,
745 575 817 618 cum
845 553 903 617 ille
931 554 1027 619 domo
1060 555 1198 619 navibus
1230 565 1343 638 pror>

132 645 237 710 fectus
265 647 361 708 vento
390 643 542 726 aquilone
565 643 678 708 eodem
706 642 757 706 die
780 642 923 707 venisset
944 642 1113 708 Lemnum.
1157 643 1190 708 Is
1219 644 1305 708 enim

132 737 248 798 ventus
273 733 314 799 ab
339 731 614 815 septentrionibus
638 731 745 796 oriens
769 729 940 795 adversum
962 736 1053 797 tenet
1071 732 1209 796 Athenis
1231 755 1305 816 pro·

132 821 362 887 ficiscentibus.
393 819 557 884 Miltiades
576 819 727 885 morandi
744 824 872 903 tempus
891 842 965 884 cum
982 843 1049 885 non
1066 819 1212 903 haberet,
1234 841 1304 885 cur·
1323 831 1341 879 5

132 932 204 975 sum
227 909 365 992 derexit,
388 930 452 992 quo
475 908 639 986 tendebat,
661 909 872 992 pervenitque
895 906 1143 975 Chersonesum.

221 997 264 1063 ΙΙ.
309 997 361 1062 Ibi
383 996 475 1061 brevi
500 999 647 1080 tempore
675 997 890 1062 barbarorum
918 997 1019 1079 copiis
1047 997 1205 1079 disiectis,
1232 1000 1339 1063 total

131 1087 274 1171 regione,
293 1084 390 1169 quam
408 1085 557 1169 petierat,
574 1085 707 1169 potitus,
725 1086 799 1150 loca
813 1084 957 1150 castellis
973 1084 1090 1152 idonea
1105 1086 1305 1167 communiit,

133 1172 386 1256 multitudinem,
409 1194 507 1257 quam
527 1194 634 1238 secum
652 1174 797 1256 duxerat,
819 1174 853 1237 in
873 1174 960 1256 agris
981 1175 1154 1240 collocavit
1171 1174 1305 1239 crebris-

132 1285 195 1347 que
224 1260 468 1327 excursionibus
495 1261 715 1345 loeupletavit.
759 1260 874 1346 Neque
902 1261 1009 1327 minus
1037 1263 1072 1327 in
1100 1285 1139 1328 ea
1167 1285 1202 1326 re
1228 1275 1341 1346 pru-a

132 1350 243 1416 dentia
267 1372 364 1433 quam
387 1349 542 1414 felicitate
567 1349 696 1415 adiutus
720 1354 779 1416 est.
815 1349 901 1415 Nam
925 1371 998 1414 eum
1021 1352 1142 1416 virtute
1165 1351 1305 1415 militum

130 1439 304 1504 devicisset
331 1438 476 1502 hostium
503 1438 678 1522 exercitus,
706 1460 833 1503 summa
861 1438 1024 1523 aequitate
1050 1461 1103 1504 res
1127 1440 1304 1504 constituit.

24 1578 26 1583 .
129 1527 213 1593 Erat
232 1528 320 1591 enim
336 1526 493 1591 intereos
512 1527 674 1612 dignitate
688 1527 788 1612 regia,
802 1549 998 1611 quamquam
1013 1528 1146 1592 carebat
1163 1528 1305 1612 nomine,
1323 1540 1340 1588 3

129 1637 233 1700 neque
264 1612 331 1700 id⁸)
365 1616 470 1699 magis
506 1616 642 1698 imperio
676 1636 774 1699 quam
805 1616 940 1679 iustitia.
986 1614 1099 1701 Neque
1133 1638 1170 1680 eo
1204 1616 1305 1681 setius

24 1712 26 1715 ’
128 1703 384 1768 Atheniensibus
407 1704 516 1768 officia
537 1705 736 1788 praestabat.
783 1704 907 1779 Quibus
930 1703 1029 1769 rebus
1051 1704 1154 1769 fiebat
1176 1708 1213 1768 ut
1236 1726 1302 1770 non

128 1795 237 1857 minus
272 1814 384 1857 eorum
411 1793 578 1858 voluntate
607 1796 802 1876 perpetuum
834 1793 1006 1876 imperium
1038 1793 1217 1878 obtineret,
1249 1794 1305 1877 qui

129 1882 302 1965 miserant,
324 1903 422 1965 quam
444 1880 589 1959 illorum,
613 1902 687 1945 cum
710 1880 826 1965 quibus
851 1884 921 1945 erat
947 1881 1123 1965 profectus.
1168 1881 1303 1948 (1115555-
1322 1894 1340 1942 4

131 1991 211 2034 neso
230 1971 410 2034 constituta
428 1968 587 2034 Lemnum
605 1971 780 2034 revertitur
797 1973 830 2034 et
850 1972 1002 2053 expecto
1020 1971 1167 2054 postulat
1185 1975 1223 2034 ut
1242 1970 1304 2035 sibi

128 2058 243 2122 urbem
265 2058 410 2121 uacant:
434 2079 469 2121 se
488 2058 572 2121 enim
591 2057 724 2122 domum
742 2056 936 2123 Chersonesi
953 2057 1082 2123 habere.
1120 2058 1218 2125 Cares
1220 2060 1304 2144 qui
1323 2070 1340 2120 5

128 2150 200 2210 tum
219 2144 377 2210 Lemnum
399 2146 595 2230 incolebant,
618 2147 682 2211 etsi
703 2150 833 2231 praeter
852 2147 1039 2230 opinionem
1062 2170 1114 2212 res
1134 2148 1304 2232 ceciderat,

128 2237 240 2300 tamen
263 2233 403 2299 secunda
425 2233 492 2299 fort
477 2237 558 2299 tuna
581 2196 839 2300 Adversariorum
858 2235 947 2320 capti
970 2257 1042 2300 cum
1065 2238 1215 2331 resistere
1236 2258 1305 2301 non

129 2321 298 2404 auderent,
323 2344 361 2387 ex
384 2323 492 2388 insula
515 2322 748 2407 demigrarunt.

219 2410 277 2476 ΙΙΙ.
321 2411 429 2476 Isdem
457 2408 693 2497 temporibusl)
721 2412 897 2476 Persarum
924 2433 980 2475 rex
1007 2410 1127 2477 Darius
1156 2435 1194 2477 ex
1222 2410 1338 2476 Asial

127 2498 165 2563 in
186 2499 354 2583 Europam
382 2501 525 2565 exercitu
547 2501 684 2565 traiecto
709 2498 786 2583 Scyt
772 2500 837 2564 this
860 2499 982 2563 bellum
1009 2499 1130 2564 inferre
1154 2500 1304 2564 decrevit.

24 2652 26 2655 .
128 2587 256 2653 Fecit
205 2590 280 2653 tm
307 2586 393 2652 Istro
421 2588 554 2652 flumine
583 2591 730 2671 pontem,
758 2609 821 2670 quo
845 2587 956 2670 copias
986 2587 1178 2653 traduceret.
1223 2588 1303 2653 Eius

127 2676 252 2759 pontis,
282 2674 400 2739 dum
390 2697 460 2758 rpse
493 2676 637 2761 abesset,
668 2676 817 2740 custodes
849 2674 980 2760 reliquit
1009 2676 1188 2760 principes,
1221 2698 1301 2761 quos

128 2785 238 2828 secum
262 2785 300 2827 ex
319 2762 412 2829 Ionia
431 2769 465 2828 et
482 2762 617 2829 Aeolide
640 2763 788 2829 duxerat:
813 2764 929 2849 quibus
948 2764 1113 2848 singulis
1102 2787 1173 2849 lpse
1192 2787 1302 2830 earum

127 2848 304 2937 urbium1)
322 2856 480 2936 perpetua
494 2852 655 2917 dederat
645 2853 790 2936 rmperia.
818 2851 872 2918 Sic
887 2852 974 2918 enim
992 2853 1147 2918 facillime
1166 2854 1303 2938 putabat
1322 2867 1338 2916 2

128 2962 162 3006 se
192 2945 311 3006 Graeca
342 2940 455 3027 lingua
486 2941 669 3026 loquentes,
698 2943 754 3025 qui
781 2940 897 3006 Asiam
929 2941 1120 3024 incolerent,
1153 2943 1213 3008 sub
1246 2965 1304 3007 sua

127 3032 328 3093 retenturum
351 3032 524 3114 potestate,
548 3031 576 3095 si
599 3031 711 3095 amicis
735 3031 801 3095 suis
821 3029 940 3114 oppida
963 3030 1083 3096 tuenda
1105 3031 1302 3114 tradidisset,

127 3119 244 3200 quibus
263 3139 297 3181 se
317 3139 473 3202 oppresso
491 3119 584 3183 nulla
587 3140 677 3271 tspes
696 3119 810 3183 salutis
829 3118 1074 3203 relinqueretur.
1107 3118 1170 3185 sed
1188 3117 1338 3205 1111511)

127 3227 202 3270 cum
225 3207 328 3270 crebri
347 3207 501 3272 afferrent
518 3208 635 3291 nuntii,
659 3209 742 3272 male
761 3229 830 3272 rem
849 3227 960 3292 gerere
979 3206 1115 3273 Darium
1133 3209 1301 3293 premique

128 3317 148 3359 a
171 3292 317 3379 Scythis,
339 3293 413 3360 Milt
398 3295 518 3380 tiades,
542 3297 598 3379 qui
622 3300 692 3360 erat
714 3296 800 3360 inter
822 3296 933 3398 pontis
957 3296 1124 3381 custodes,
1151 3297 1302 3362 hortatus

126 3387 178 3448 est
201 3385 338 3462 ceteros,
360 3405 402 3447 ne
425 3407 445 3448 5
468 3384 599 3449 fortuna
623 3384 734 3449 datam
762 3385 965 3449 occasionem
992 3384 1177 3450 liberandae
1201 3383 1299 3449 Grae-

127 3471 197 3536 ciae
220 3471 330 3535 dimitt
301 3474 429 3536 tterent.
464 3471 603 3538 Nam
576 3495 605 3538 s1
627 3494 701 3537 eum
723 3473 792 3538 illis
799 3471 837 3560 12)
861 3472 964 3556 copiis
986 3472 1155 3538 interisset
1172 3473 1338 3557 Darius,4

125 3581 193 3625 non
221 3560 327 3625 solum
356 3559 524 3645 Europam
551 3561 621 3626 fore
648 3565 769 3647 tutam,
798 3562 855 3626 sed
883 3562 996 3644 etiam,
1024 3562 1079 3645 qui
1106 3559 1221 3625 Asiam
1253 3562 1302 3624 in·

126 3733 282 3789 amicitiam
304 3732 384 3790 Eum.
404 3735 430 3801 1,
448 3740 474 3788 4.
511 3734 548 3789 ad
573 3751 687 3788 manum
742 3738 803 3790 500.
839 3736 896 3789 Der
920 3732 1098 3803 Scythenrug
1126 3735 1174 3788 des
1202 3735 1303 3790 Darius

125 3803 206 3859 Eum
221 3804 255 3871 V,
274 3811 299 3860 2.
325 3806 362 3860 ad
380 3803 528 3860 consilium
546 3803 1199 3872 11115111,155555515511555155551508
1223 3806 1301 3861 statt

126 3882 152 3931 5.
189 3874 300 3930 Ebenso
328 3876 376 3931 bei
403 3876 495 3931 einem
526 3877 687 3932 sachliehen
741 3876 842 3931 Darius
860 3875 1009 3945 Hystaspis
1028 3882 1180 3932 521-485.

126 3945 290 4015 Subjektin
305 3945 354 4002 der
368 3946 622 4018 Bedeutung„(als
636 3948 687 4001 Zu·
780 3947 814 4017 ¹⁰)
827 3946 940 4010 Earum,
950 3946 1014 4000 dh.
1026 3948 1075 4002 der
1088 3947 1302 4003 romschenund

24 4020 28 4027 '
125 4017 232 4084 wacho)
250 4014 485 4073 hinzukommen“
504 3988 686 4088 Timolel
742 4018 895 4074 dolisohen.
918 3987 1059 4073 Ahnliche
1073 4010 1302 4089 Ungenauigkeit

164 4086 385 4169 ⁸)VVie'1sque
404 4115 438 4134 -
457 4089 515 4144 und
542 4106 628 4157 awar,
656 4105 686 4143 so
741 4091 794 4144 wie
813 4087 860 4157 IV,
880 4088 974 4144 2und
992 4088 1070 4156 V,a.

125 4175 217 4228 neque
236 4157 260 4212 is
279 4183 315 4205 =
332 4159 391 4213 und
414 4177 488 4215 awar
505 4159 593 4214 nicht.
629 4159 687 4215 Das
779 4161 812 4229 ¹1)
837 4131 892 4214 de
909 4161 1004 4215 bricht
1021 4159 1057 4214 ab
1074 4159 1133 4213 und
1150 4158 1236 4214 kehrt
1253 4176 1302 4213 zur

125 4227 726 4402 {ffirllrglllltldlalllffi
741 4229 1300 4371 8“119511ῗὲ11111.1611111111

164 4371 186 4440 ⁹)
205 4371 326 4427 Lemnos
345 4387 465 4442 gewann
483 4371 626 4428 Miltiades
639 4389 688 4426 um
741 4390 797 4428 nau
815 4388 982 4443 genommen
997 4372 1087 4428 hatto.

1048 4459 1086 4513 1*
