3028 4908
505 213 605 268 XVlIl.
637 213 820 270 EUMENES.
846 209 871 271 74.
891 222 915 271 b.
1256 216 1301 281 65

123 396 250 440 summa
282 374 410 458 imperii
442 373 686 461 potirentur):⁴)
722 376 899 458 Eumenes,
936 377 992 461 qui
1023 398 1126 462 neque
1159 394 1335 463 magnast

123 464 232 548 copias
255 484 360 548 neque
382 463 493 527 firmes
515 464 659 547 haberet,
683 464 768 549 qued
788 487 854 530 nen
877 466 982 530 multo
1006 470 1082 530 ante
1106 470 1198 530 erent
1221 488 1297 532 cen-

122 555 258 635 tractae,
281 551 503 636 intellegebat,
527 553 553 616 si
573 553 685 635 copiae
709 574 786 617 suae
805 557 1015 637 cognossent,
1038 554 1191 619 adversus
1216 576 1297 639 ques

121 639 323 722 ducerentur,
345 661 409 704 nen
434 639 529 705 medo
548 661 615 706 nen
632 641 745 723 ituras,
769 641 825 706 sed
849 642 946 706 simul
964 663 1037 708 cum
1059 643 1174 707 nuntie
1194 643 1298 726 dilap-

121 749 225 793 suras.
274 728 390 812 ltaque
422 727 484 793 hec
511 727 541 791 ei
568 729 673 794 risum
706 733 757 794 est
788 729 1090 814 prudentissimum,
1122 734 1159 795 ut
1193 731 1333 795 deviise

122 816 295 881 itineribus
319 816 439 881 milites
462 816 607 901 duceret,
629 817 664 881 in
687 817 804 901 quibus
826 839 903 882 vera
926 818 1037 882 audire
1064 840 1130 884 non
1154 823 1298 903 possent,

123 904 230 989 iisque
243 904 452 986 persuaderet
470 925 504 968 se
523 908 637 970 eontra
651 904 808 989 quosdam
821 906 979 971 barbares
994 907 1165 990 proficisci.
1188 908 1297 992 Atque
1318 924 1334 973 e

124 992 172 1058 sie
185 993 292 1057 tenuit
305 991 368 1057 heo
381 995 594 1078 propositum,
612 998 649 1057 ut
667 994 757 1076 prius
777 995 812 1059 in
831 996 934 1059 aciem
953 996 1129 1060 exercitum
1148 995 1299 1061 educeret

122 1081 346 1164 proeliumque
369 1081 598 1164 committeret,
615 1103 712 1166 quam
730 1082 849 1147 milites
868 1082 919 1147 sui
938 1083 1066 1165 scirent,
1086 1105 1159 1148 oum
1179 1084 1298 1168 quibus

123 1190 214 1233 arma
237 1168 429 1235 conferrent.
464 1168 582 1235 Effecit
605 1169 705 1234 etiem
727 1169 809 1234 illud
829 1171 973 1235 locorum
997 1172 1298 1254 praeoccupatione,

121 1260 162 1322 ut
184 1257 331 1341 equitatu
349 1258 459 1341 petius
483 1256 660 1342 dimicaret,
684 1278 747 1341 que
767 1259 841 1342 plus
863 1258 1000 1342 valebat,
1024 1280 1122 1343 quam
1140 1259 1299 1343 peditatu,

126 1366 191 1428 que
216 1350 287 1409 erat
310 1342 511 1430 deteriore⁶).

217 1432 273 1498 IV.
297 1431 441 1508 Quorum
466 1434 622 1498 acerrimo
641 1454 797 1498 concursu
820 1455 894 1498 eum
916 1454 1071 1518 magnam
1089 1439 1216 1519 partem
1235 1434 1299 1499 diei
1321 1452 1335 1499 1

125 1523 214 1584 esset
232 1526 422 1604 pugnatum,
440 1521 527 1586 eadit
545 1518 698 1586 Craterus
718 1521 782 1585 dux
800 1525 833 1585 et
850 1520 1095 1606 Neoptolemus,
1113 1523 1169 1607 qui
1188 1544 1299 1588 seeun-

125 1608 203 1673 dum
231 1610 338 1674 lecum
366 1609 496 1692 imperii
522 1610 664 1674 tenebat
710 1608 861 1694 Namque
884 1609 1057 1693 Antipater
1086 1611 1210 1694 proelio
1234 1632 1300 1676 nen

126 1697 294 1763 intererat.
330 1696 413 1764 Cum
430 1695 645 1782 Neoptolemo
665 1700 827 1763 concurrit
849 1698 918 1781 ipse
936 1697 1109 1763 Eumenes.
1146 1697 1208 1773 Qui
1227 1715 1336 1767 cuma

125 1786 212 1850 inter
237 1808 270 1850 se
294 1787 454 1870 complexi
475 1787 510 1849 in
533 1792 654 1851 terram
679 1808 717 1850 ex
736 1787 828 1870 equis
847 1785 1051 1870 decidissent,
1074 1792 1111 1850 ut
1133 1786 1229 1852 facile
1252 1787 1301 1851 in-

124 1873 238 1959 tellegi
260 1878 374 1958 posset
400 1874 532 1939 inimica
555 1878 662 1939 mente
686 1895 741 1939 eos
765 1874 969 1939 contendisse
999 1875 1171 1959 animoque
1195 1875 1300 1959 megis

126 1961 228 2026 etiarn
249 1982 412 2047 pugnasse
436 1984 532 2045 quam
556 1983 698 2045 corpore,
720 1983 788 2026 nen
811 1964 899 2045 prius
923 1962 1071 2028 distracti
1096 1966 1182 2046 sunt,
1205 1984 1302 2047 quam

126 2050 265 2114 alterum
294 2050 404 2114 anima
430 2051 569 2135 reliquit
614 2050 731 2135 Aque
759 2051 883 2133 aliquot
910 2050 1018 2134 plagis
1041 2050 1203 2116 Eumenes
1231 2052 1302 2116 vul-

124 2142 259 2202 neratus
286 2159 326 2202 ex
352 2138 477 2222 proelio
504 2160 569 2203 non
597 2139 747 2221 excessit,
775 2139 831 2203 sed
859 2138 965 2202 aerius
992 2138 1142 2204 hostibus
1170 2139 1303 2204 institit.

126 2222 181 2290 Sic
205 2227 367 2310 equitibus
390 2226 586 2312 profligatis,
609 2227 737 2293 amissis
761 2226 910 2309 ducibus,
938 2226 1050 2290 multis
1074 2231 1245 2310 praeterea
1269 2232 1337 2291 ete

10 2386 11 2401 χ
125 2314 265 2378 maxime
292 2314 455 2379 nobilibus
484 2317 588 2400 captis
619 2315 767 2400 pedester
793 2315 967 2397 exercitus,
995 2315 1082 2397 quod
1110 2315 1144 2378 in
1169 2336 1206 2378 ea
1228 2315 1301 2380 loca

125 2405 197 2467 erat
219 2402 389 2484 deductus,
412 2407 449 2466 ut
472 2403 574 2469 invito
598 2403 743 2468 Eumene
766 2402 851 2466 elabi
882 2423 948 2467 nen
971 2405 1100 2486 posset,
1121 2424 1235 2486 pacem
1259 2402 1300 2467 ab

124 2512 164 2555 ee
182 2490 287 2574 petiit.
325 2488 429 2565 Quam
453 2512 525 2555 curn
544 2493 760 2576 impetrasset,
779 2492 814 2556 in
832 2491 894 2555 fide
912 2512 979 2555 nen
998 2491 1121 2555 mansit
1140 2495 1181 2573 et,
1205 2490 1302 2556 simul

125 2599 163 2643 ac
186 2579 309 2662 potuit,
337 2578 378 2642 ad
399 2575 610 2663 Antipatrum
636 2602 671 2646 se
698 2580 828 2663 recepit.
873 2577 1042 2645 Craterum
1069 2578 1233 2643 Eumenes
1262 2594 1339 2643 ext

123 2667 195 2731 acie
218 2666 410 2732 semivivum
438 2668 559 2732 elatum
586 2689 731 2734 recreare
754 2667 891 2733 studuit:
921 2688 995 2732 cum
1022 2666 1055 2730 id
1082 2687 1149 2731 non
1177 2669 1296 2750 posset,

122 2776 183 2838 pro
205 2753 348 2819 heminis
371 2754 563 2843 dignitatel)
586 2778 710 2841 proque
733 2756 871 2839 pristina
893 2755 1036 2820 amicitia
1060 2751 1214 2841 (nemque
1237 2754 1295 2819 ille

122 2865 202 2908 usus
229 2849 301 2908 erat
322 2844 505 2909 Alexandro
534 2846 607 2910 viro
634 2841 856 2928 familiariter)
892 2844 1000 2928 ample
1032 2843 1145 2907 funere
1180 2842 1297 2907 extulit

124 2952 265 3016 ossaque
287 2932 322 2995 in
345 2931 568 2998 Macedoniam
591 2933 683 2998 uxori
707 2933 775 2997 eius
799 2953 837 2997 ac
859 2933 969 2997 liberis
993 2932 1127 2996 remisit.

216 3018 255 3084 V.
288 3019 377 3085 Haec
404 3020 481 3086 dum
508 3022 542 3086 in
569 3022 650 3086 Asia
677 3024 848 3106 geruntur,
874 3020 1044 3085 Perdiccas
1074 3020 1159 3103 apud
1188 3017 1337 3083 Nilum1

125 3108 249 3172 flumen
270 3107 464 3173 interficitur
487 3131 506 3173 a
530 3108 663 3175 Seleuco
688 3113 720 3173 et
743 3105 953 3193 Antigenel),
980 3129 1153 3192 rerumque
1176 3127 1303 3171 summa

126 3197 167 3260 ad
188 3193 399 3281 Antipatrum
420 3197 572 3262 defertur.
617 3197 750 3281 Ibidem,
774 3198 828 3279 qui
852 3193 1103 3279 deseruerant8),
1126 3191 1301 3282 exercitul)

127 3285 320 3366 suffragium
333 3284 466 3369 ferente,
483 3286 599 3370 eapitis
619 3287 770 3351 absentes
790 3285 992 3363 damnantur,
1011 3285 1044 3347 in
1063 3285 1115 3347 his
1130 3283 1301 3348 Eumenes.

54 3406 60 3414 ·
126 3371 200 3437 Hac
217 3372 273 3436 ille
291 3393 462 3456 percussus
481 3375 580 3459 plaga
603 3396 669 3440 non
693 3373 861 3439 succubuit
879 3393 982 3456 neque
1002 3393 1039 3437 eo
1059 3366 1159 3436 setius
1178 3371 1302 3436 bellurn

127 3460 378 3527 administravit.
423 3459 486 3527 Sed
515 3463 612 3526 exiles
639 3483 691 3527 res
720 3461 820 3527 animi
843 3460 1117 3546 magnitudinem,
1143 3459 1207 3523 etsi
1233 3479 1301 3522 non

162 3651 185 3720 ⁴)
204 3649 381 3721 Konjunktir
395 3651 445 3706 der
457 3652 549 3706 oratic
563 3651 687 3720 obliqua,
777 3650 798 3719 θ)
825 3650 862 3705 Se
898 3647 1078 3704 bezeichnete
1115 3663 1182 3702 man
1212 3661 1302 3716 unge·

23 3746 24 3749 ¹
125 3720 281 3778 versulasst
294 3721 383 3777 durch
396 3720 488 3777 babiti
502 3723 574 3776 sunt
598 3720 687 3778 Potiri
740 3719 936 3775 rechterrreise
950 3720 1000 3773 das
1013 3719 1166 3773 Verbalten
1180 3718 1231 3773 der
1245 3720 1302 3772 An·

124 3792 187 3847 hier
205 3792 288 3860 „inne
306 3791 425 3860 haben“,
443 3791 497 3847 wie
516 3791 576 3860 Vll,
597 3799 620 3847 1.
740 3792 848 3861 hinger
871 3792 921 3845 des
947 3790 1122 3846 ermordeten
1145 3788 1301 3844 Perdiccas.

163 3863 186 3931 ⁶)
204 3861 268 3917 Abl.
283 3862 361 3917 modi
374 3863 421 3918 bei
435 3880 502 3919 osee.
526 3862 590 3933 Vgl.
605 3865 687 3920 Anm.

125 3953 160 3988 zu
178 3933 244 3989 Dat.
262 3931 297 4001 V,
316 3939 341 3988 3.
778 3932 800 4002 9)
819 3931 877 3987 Das
900 3930 986 3999 Heer,
1010 3929 1129 3985 welches
1153 3929 1303 3985 Perdiccas

162 4004 185 4072 ⁰)
206 4004 287 4059 Anm.
305 4021 339 4057 zu
357 4004 431 4086 Dion
449 4005 470 4071 I,
489 4011 515 4059 2.
741 4021 790 4057 zur
815 4002 1029 4075 Upterwerfung
1062 4003 1112 4055 des
1142 4000 1303 4055 Ptelemhus

164 4075 185 4143 ⁷)
204 4074 340 4129 Derselbe
364 4093 416 4130 wie
434 4073 498 4144 vn,
520 4082 544 4129 1.
580 4074 618 4129 Er
641 4074 688 4129 be·
742 4074 815 4128 nach
841 4067 972 4143 Agypten
1000 4071 1114 4141 gefdhrt
1140 4071 1228 4124 hatte.
1266 4069 1303 4123 Es

28 4200 29 4211 q
126 4144 246 4227 fehligte
260 4144 532 4216 dieArgyraspiden,
546 4144 591 4199 die
605 4147 689 4200 nach·
742 4161 802 4199 war
825 4163 860 4198 ru
878 4143 986 4199 diesem
1008 4143 1223 4212 dbergegangen
1245 4140 1304 4194 und

125 4215 177 4270 her
203 4233 244 4269 un
271 4216 362 4271 Heere
393 4217 442 4272 des
472 4215 610 4271 Eumenes
644 4216 689 4271 dio
742 4214 823 4270 hatte
849 4214 909 4268 ihm
936 4213 983 4269 die
1009 4210 1305 4281 lteichsregentsehaft

125 4285 343 4342 macedonisebe
351 4287 478 4343 Phalanx
491 4287 618 4342 bildeten
631 4287 689 4341 und
742 4289 930 4356 angetragen,
953 4285 1044 4339 dieser
1067 4281 1136 4337 aber
1158 4281 1199 4336 rie
1218 4281 1303 4350 abga-

126 4357 280 4413 denselben
299 4358 437 4413 verrieten
455 4358 500 4428 (X,
520 4362 556 4423 2).
742 4356 832 4412 lehnt.

180 4455 315 4510 orrum,
329 4455 449 4498 Cornelius
463 4458 548 4505 repes.
1076 4444 1092 4493 5
