<?xml version="1.0" encoding="UTF-8"?>
<!DOCTYPE html PUBLIC "-//W3C//DTD XHTML 1.0 Transitional//EN"
    "http://www.w3.org/TR/xhtml1/DTD/xhtml1-transitional.dtd">
<html xmlns="http://www.w3.org/1999/xhtml" xml:lang="en" lang="en">
 <head>
  <title>
</title>
<meta http-equiv="Content-Type" content="text/html;charset=utf-8" />
  <meta name='ocr-system' content='tesseract 3.04.00' />
  <meta name='ocr-capabilities' content='ocr_page ocr_carea ocr_par ocr_line ocrx_word'/>
</head>
<body>
  <div class='ocr_page' id='page_1' title='image "./corneliinepotis00ortmgoog_0058.png"; bbox 0 0 3028 4908; ppageno 0'>
   <div class='ocr_carea' id='block_1_1' title="bbox 525 217 1302 297">
    <p class='ocr_par' dir='ltr' id='par_1_1' title="bbox 525 217 1302 297">
     <span class='ocr_line' id='line_1_1' title="bbox 525 217 1302 297; baseline 0.015 -25"><span class='ocrx_word' id='word_1_1' title='bbox 525 217 598 273; x_wconf 81' lang='grc'><strong>1111.</strong></span> <span class='ocrx_word' id='word_1_2' title='bbox 629 218 858 297; x_wconf 72' lang='lat' dir='ltr'>ausaausa.</span> <span class='ocrx_word' id='word_1_3' title='bbox 878 225 903 276; x_wconf 74' lang='lat' dir='ltr'>a</span> <span class='ocrx_word' id='word_1_4' title='bbox 1258 221 1302 284; x_wconf 81' lang='lat'>45</span> 
     </span>
    </p>
   </div>
   <div class='ocr_carea' id='block_1_2' title="bbox 124 379 1367 3214">
    <p class='ocr_par' dir='ltr' id='par_1_2' title="bbox 124 379 1303 535">
     <span class='ocr_line' id='line_1_2' title="bbox 124 379 1303 468; baseline 0.003 -24"><span class='ocrx_word' id='word_1_5' title='bbox 124 380 277 446; x_wconf 88' lang='lat' dir='ltr'>desertus</span> <span class='ocrx_word' id='word_1_6' title='bbox 297 383 391 464; x_wconf 90' lang='lat' dir='ltr'>esset,</span> <span class='ocrx_word' id='word_1_7' title='bbox 408 379 513 445; x_wconf 88' lang='lat' dir='ltr'>nihilo</span> <span class='ocrx_word' id='word_1_8' title='bbox 532 381 633 446; x_wconf 88' lang='lat' dir='ltr'>setius</span> <span class='ocrx_word' id='word_1_9' title='bbox 651 383 870 465; x_wconf 80' lang='lat' dir='ltr'>perseveravit</span> <span class='ocrx_word' id='word_1_10' title='bbox 887 382 1059 466; x_wconf 86' lang='lat' dir='ltr'>vivumque</span> <span class='ocrx_word' id='word_1_11' title='bbox 1069 381 1195 466; x_wconf 83' lang='lat' dir='ltr'>Thuym</span> <span class='ocrx_word' id='word_1_12' title='bbox 1216 383 1303 468; x_wconf 88' lang='lat' dir='ltr'>cepit</span> 
     </span>
     <span class='ocr_line' id='line_1_3' title="bbox 124 468 525 535; baseline 0 -1"><span class='ocrx_word' id='word_1_13' title='bbox 124 492 202 535; x_wconf 88' lang='lat' dir='ltr'>cum</span> <span class='ocrx_word' id='word_1_14' title='bbox 225 491 324 534; x_wconf 82' lang='lat' dir='ltr'>uxore</span> <span class='ocrx_word' id='word_1_15' title='bbox 349 475 381 533; x_wconf 92' lang='lat' dir='ltr'>et</span> <span class='ocrx_word' id='word_1_16' title='bbox 402 468 525 534; x_wconf 86' lang='lat' dir='ltr'>liberis.</span> 
     </span>
    </p>

    <p class='ocr_par' dir='ltr' id='par_1_3' title="bbox 124 556 1343 2240">
     <span class='ocr_line' id='line_1_4' title="bbox 220 556 1336 644; baseline 0.002 -21"><span class='ocrx_word' id='word_1_17' title='bbox 220 557 279 623; x_wconf 91' lang='lat' dir='ltr'><strong>III.</strong></span> <span class='ocrx_word' id='word_1_18' title='bbox 308 556 408 623; x_wconf 88' lang='lat' dir='ltr'>Cuius</span> <span class='ocrx_word' id='word_1_19' title='bbox 431 556 511 622; x_wconf 84' lang='lat' dir='ltr'>facti</span> <span class='ocrx_word' id='word_1_20' title='bbox 533 579 574 622; x_wconf 90' lang='lat' dir='ltr'>ne</span> <span class='ocrx_word' id='word_1_21' title='bbox 597 558 686 640; x_wconf 90' lang='lat' dir='ltr'>prius</span> <span class='ocrx_word' id='word_1_22' title='bbox 709 557 797 623; x_wconf 85' lang='lat' dir='ltr'>fama</span> <span class='ocrx_word' id='word_1_23' title='bbox 820 559 862 623; x_wconf 87' lang='lat' dir='ltr'>ad</span> <span class='ocrx_word' id='word_1_24' title='bbox 884 579 992 643; x_wconf 88' lang='lat' dir='ltr'>regem</span> <span class='ocrx_word' id='word_1_25' title='bbox 1017 581 1114 643; x_wconf 88' lang='lat' dir='ltr'>quam</span> <span class='ocrx_word' id='word_1_26' title='bbox 1137 560 1207 644; x_wconf 86' lang='lat' dir='ltr'>ipse</span> <span class='ocrx_word' id='word_1_27' title='bbox 1230 578 1336 644; x_wconf 91' lang='lat' dir='ltr'>per-1</span> 
     </span>
     <span class='ocr_line' id='line_1_5' title="bbox 127 645 1302 730; baseline 0.001 -18"><span class='ocrx_word' id='word_1_28' title='bbox 127 647 269 729; x_wconf 84' lang='lat' dir='ltr'>veniret,</span> <span class='ocrx_word' id='word_1_29' title='bbox 296 646 385 711; x_wconf 90' lang='lat' dir='ltr'>dedit</span> <span class='ocrx_word' id='word_1_30' title='bbox 412 666 553 729; x_wconf 83' lang='lat' dir='ltr'>operam.</span> <span class='ocrx_word' id='word_1_31' title='bbox 596 645 711 730; x_wconf 89' lang='lat' dir='ltr'>Itaque</span> <span class='ocrx_word' id='word_1_32' title='bbox 743 647 892 712; x_wconf 90' lang='lat' dir='ltr'>omnibus</span> <span class='ocrx_word' id='word_1_33' title='bbox 925 648 1035 712; x_wconf 92' lang='lat' dir='ltr'>insciis</span> <span class='ocrx_word' id='word_1_34' title='bbox 1063 670 1115 730; x_wconf 89' lang='lat' dir='ltr'>eo,</span> <span class='ocrx_word' id='word_1_35' title='bbox 1147 649 1204 713; x_wconf 89' lang='lat' dir='ltr'>ubi</span> <span class='ocrx_word' id='word_1_36' title='bbox 1232 653 1302 713; x_wconf 90' lang='lat' dir='ltr'>erat</span> 
     </span>
     <span class='ocr_line' id='line_1_6' title="bbox 124 733 1300 821; baseline 0.003 -22"><span class='ocrx_word' id='word_1_37' title='bbox 124 758 200 820; x_wconf 84' lang='lat' dir='ltr'>rex,</span> <span class='ocrx_word' id='word_1_38' title='bbox 228 735 317 800; x_wconf 82' lang='lat' dir='ltr'>venit</span> <span class='ocrx_word' id='word_1_39' title='bbox 342 739 539 820; x_wconf 90' lang='lat' dir='ltr'>posteroque</span> <span class='ocrx_word' id='word_1_40' title='bbox 568 733 618 798; x_wconf 91' lang='lat' dir='ltr'>die</span> <span class='ocrx_word' id='word_1_41' title='bbox 643 735 786 819; x_wconf 84' lang='lat' dir='ltr'>Thuym,</span> <span class='ocrx_word' id='word_1_42' title='bbox 812 736 975 800; x_wconf 87' lang='lat' dir='ltr'>hominem</span> <span class='ocrx_word' id='word_1_43' title='bbox 1000 737 1134 803; x_wconf 84' lang='lat' dir='ltr'>maximi</span> <span class='ocrx_word' id='word_1_44' title='bbox 1156 738 1300 821; x_wconf 93' lang='lat' dir='ltr'>corporis</span> 
     </span>
     <span class='ocr_line' id='line_1_7' title="bbox 125 823 1301 912; baseline 0.002 -24"><span class='ocrx_word' id='word_1_45' title='bbox 125 824 331 907; x_wconf 78' lang='lat' dir='ltr'>terribilique</span> <span class='ocrx_word' id='word_1_46' title='bbox 358 823 456 907; x_wconf 86' lang='lat' dir='ltr'>facie,</span> <span class='ocrx_word' id='word_1_47' title='bbox 488 823 573 908; x_wconf 90' lang='lat' dir='ltr'>quod</span> <span class='ocrx_word' id='word_1_48' title='bbox 606 826 639 887; x_wconf 92' lang='lat' dir='ltr'>et</span> <span class='ocrx_word' id='word_1_49' title='bbox 665 823 759 909; x_wconf 82' lang='lat' dir='ltr'>niger</span> <span class='ocrx_word' id='word_1_50' title='bbox 791 827 824 888; x_wconf 89' lang='grc'>11</span> <span class='ocrx_word' id='word_1_51' title='bbox 853 825 971 908; x_wconf 81' lang='lat' dir='ltr'>capillo</span> <span class='ocrx_word' id='word_1_52' title='bbox 1003 826 1103 912; x_wconf 89' lang='lat' dir='ltr'>longo</span> <span class='ocrx_word' id='word_1_53' title='bbox 1135 826 1301 911; x_wconf 84' lang='lat' dir='ltr'>barbaque</span> 
     </span>
     <span class='ocr_line' id='line_1_8' title="bbox 128 912 1300 999; baseline 0.001 -22"><span class='ocrx_word' id='word_1_54' title='bbox 128 916 201 979; x_wconf 88' lang='lat' dir='ltr'>erat</span> <span class='ocrx_word' id='word_1_55' title='bbox 222 913 393 997; x_wconf 89' lang='lat' dir='ltr'>promissa,</span> <span class='ocrx_word' id='word_1_56' title='bbox 417 912 541 996; x_wconf 89' lang='lat' dir='ltr'>optima</span> <span class='ocrx_word' id='word_1_57' title='bbox 563 912 765 998; x_wconf 73' lang='lat' dir='ltr'>resteterit,</span> <span class='ocrx_word' id='word_1_58' title='bbox 787 934 885 996; x_wconf 86' lang='lat' dir='ltr'>quarn</span> <span class='ocrx_word' id='word_1_59' title='bbox 909 918 1059 998; x_wconf 75' lang='lat' dir='ltr'>satrapae</span> <span class='ocrx_word' id='word_1_60' title='bbox 1082 915 1166 999; x_wconf 88' lang='lat' dir='ltr'>regii</span> <span class='ocrx_word' id='word_1_61' title='bbox 1188 935 1300 999; x_wconf 87' lang='lat' dir='ltr'>gerere</span> 
     </span>
     <span class='ocr_line' id='line_1_9' title="bbox 128 1001 1301 1086; baseline 0.002 -20"><span class='ocrx_word' id='word_1_62' title='bbox 128 1004 335 1085; x_wconf 91' lang='lat' dir='ltr'>consuerant,</span> <span class='ocrx_word' id='word_1_63' title='bbox 358 1001 486 1066; x_wconf 84' lang='lat' dir='ltr'>ornarit</span> <span class='ocrx_word' id='word_1_64' title='bbox 509 1001 607 1065; x_wconf 88' lang='lat' dir='ltr'>etiam</span> <span class='ocrx_word' id='word_1_65' title='bbox 630 1004 745 1086; x_wconf 89' lang='lat' dir='ltr'>torque</span> <span class='ocrx_word' id='word_1_66' title='bbox 770 1005 866 1086; x_wconf 91' lang='lat' dir='ltr'>atque</span> <span class='ocrx_word' id='word_1_67' title='bbox 890 1003 1027 1068; x_wconf 86' lang='lat' dir='ltr'>armillis</span> <span class='ocrx_word' id='word_1_68' title='bbox 1050 1003 1157 1067; x_wconf 88' lang='lat' dir='ltr'>aureis</span> <span class='ocrx_word' id='word_1_69' title='bbox 1180 1006 1301 1068; x_wconf 81' lang='lat' dir='ltr'>cetero</span> 
     </span>
     <span class='ocr_line' id='line_1_10' title="bbox 128 1089 1343 1175; baseline 0.002 -21"><span class='ocrx_word' id='word_1_70' title='bbox 128 1101 191 1175; x_wconf 82' lang='lat' dir='ltr'>que</span> <span class='ocrx_word' id='word_1_71' title='bbox 208 1090 300 1175; x_wconf 85' lang='lat' dir='ltr'>regio</span> <span class='ocrx_word' id='word_1_72' title='bbox 320 1090 419 1171; x_wconf 87' lang='lat' dir='ltr'>cultu,</span> <span class='ocrx_word' id='word_1_73' title='bbox 437 1090 506 1172; x_wconf 88' lang='lat' dir='ltr'>ipsc</span> <span class='ocrx_word' id='word_1_74' title='bbox 526 1091 647 1175; x_wconf 87' lang='lat' dir='ltr'>agresti</span> <span class='ocrx_word' id='word_1_75' title='bbox 664 1089 786 1172; x_wconf 83' lang='lat' dir='ltr'>duplici</span> <span class='ocrx_word' id='word_1_76' title='bbox 806 1090 944 1156; x_wconf 91' lang='lat' dir='ltr'>amiculo</span> <span class='ocrx_word' id='word_1_77' title='bbox 964 1092 1181 1157; x_wconf 87' lang='lat' dir='ltr'>circumdatus</span> <span class='ocrx_word' id='word_1_78' title='bbox 1201 1092 1301 1156; x_wconf 88' lang='lat' dir='ltr'>hirta·</span> <span class='ocrx_word' id='word_1_79' title='bbox 1320 1109 1343 1169; x_wconf 48' lang='lat'>2⁴</span> 
     </span>
     <span class='ocr_line' id='line_1_11' title="bbox 128 1178 1300 1265; baseline 0.002 -22"><span class='ocrx_word' id='word_1_80' title='bbox 128 1201 191 1263; x_wconf 93' lang='lat' dir='ltr'>que</span> <span class='ocrx_word' id='word_1_81' title='bbox 215 1179 336 1261; x_wconf 90' lang='lat' dir='ltr'>tunica,</span> <span class='ocrx_word' id='word_1_82' title='bbox 359 1199 476 1263; x_wconf 84' lang='lat' dir='ltr'>gerens</span> <span class='ocrx_word' id='word_1_83' title='bbox 498 1178 534 1241; x_wconf 90' lang='lat' dir='ltr'>in</span> <span class='ocrx_word' id='word_1_84' title='bbox 557 1179 664 1262; x_wconf 87' lang='lat' dir='ltr'>capite</span> <span class='ocrx_word' id='word_1_85' title='bbox 687 1179 813 1261; x_wconf 87' lang='lat' dir='ltr'>galeam</span> <span class='ocrx_word' id='word_1_86' title='bbox 832 1179 1043 1265; x_wconf 78' lang='lat' dir='ltr'>venatoriam,</span> <span class='ocrx_word' id='word_1_87' title='bbox 1065 1181 1178 1244; x_wconf 84' lang='lat' dir='ltr'>dextra</span> <span class='ocrx_word' id='word_1_88' title='bbox 1201 1202 1300 1245; x_wconf 88' lang='lat' dir='ltr'>manu</span> 
     </span>
     <span class='ocr_line' id='line_1_12' title="bbox 129 1265 1302 1354; baseline 0.003 -23"><span class='ocrx_word' id='word_1_89' title='bbox 129 1269 267 1352; x_wconf 85' lang='lat' dir='ltr'>clavam,</span> <span class='ocrx_word' id='word_1_90' title='bbox 280 1267 413 1331; x_wconf 88' lang='lat' dir='ltr'>sinistra</span> <span class='ocrx_word' id='word_1_91' title='bbox 431 1265 593 1351; x_wconf 89' lang='lat' dir='ltr'>copulam,</span> <span class='ocrx_word' id='word_1_92' title='bbox 607 1288 671 1350; x_wconf 91' lang='lat' dir='ltr'>qua</span> <span class='ocrx_word' id='word_1_93' title='bbox 684 1267 826 1331; x_wconf 82' lang='lat' dir='ltr'>vinctum</span> <span class='ocrx_word' id='word_1_94' title='bbox 846 1273 920 1332; x_wconf 90' lang='lat' dir='ltr'>ante</span> <span class='ocrx_word' id='word_1_95' title='bbox 939 1289 972 1332; x_wconf 89' lang='lat' dir='ltr'>se</span> <span class='ocrx_word' id='word_1_96' title='bbox 986 1267 1155 1352; x_wconf 85' lang='lat' dir='ltr'>Thuynem</span> <span class='ocrx_word' id='word_1_97' title='bbox 1174 1270 1302 1354; x_wconf 87' lang='lat' dir='ltr'>agebat,</span> 
     </span>
     <span class='ocr_line' id='line_1_13' title="bbox 129 1355 1335 1439; baseline 0.001 -18"><span class='ocrx_word' id='word_1_98' title='bbox 129 1359 168 1421; x_wconf 91' lang='lat' dir='ltr'>ut</span> <span class='ocrx_word' id='word_1_99' title='bbox 191 1357 218 1420; x_wconf 90' lang='lat' dir='ltr'>si</span> <span class='ocrx_word' id='word_1_100' title='bbox 241 1356 344 1420; x_wconf 85' lang='lat' dir='ltr'>feram</span> <span class='ocrx_word' id='word_1_101' title='bbox 366 1355 505 1419; x_wconf 89' lang='lat' dir='ltr'>bestiam</span> <span class='ocrx_word' id='word_1_102' title='bbox 529 1359 657 1439; x_wconf 87' lang='lat' dir='ltr'>captam</span> <span class='ocrx_word' id='word_1_103' title='bbox 685 1355 824 1420; x_wconf 88' lang='lat' dir='ltr'>duceret.</span> <span class='ocrx_word' id='word_1_104' title='bbox 870 1355 970 1432; x_wconf 80' lang='lat' dir='ltr'>Quem</span> <span class='ocrx_word' id='word_1_105' title='bbox 995 1379 1067 1421; x_wconf 88' lang='lat' dir='ltr'>curn</span> <span class='ocrx_word' id='word_1_106' title='bbox 1091 1375 1335 1422; x_wconf 80' lang='grc'><strong>1111111111</strong></span> 
     </span>
     <span class='ocr_line' id='line_1_14' title="bbox 130 1441 1301 1529; baseline 0.003 -21"><span class='ocrx_word' id='word_1_107' title='bbox 130 1441 324 1529; x_wconf 77' lang='lat' dir='ltr'>spicerent9)</span> <span class='ocrx_word' id='word_1_108' title='bbox 348 1449 481 1528; x_wconf 88' lang='lat' dir='ltr'>propter</span> <span class='ocrx_word' id='word_1_109' title='bbox 502 1444 680 1509; x_wconf 86' lang='lat' dir='ltr'>novitatem</span> <span class='ocrx_word' id='word_1_110' title='bbox 705 1447 838 1509; x_wconf 88' lang='lat' dir='ltr'>ornatus</span> <span class='ocrx_word' id='word_1_111' title='bbox 860 1444 1073 1529; x_wconf 87' lang='lat' dir='ltr'>ignotamque</span> <span class='ocrx_word' id='word_1_112' title='bbox 1097 1445 1235 1509; x_wconf 89' lang='lat' dir='ltr'>formam</span> <span class='ocrx_word' id='word_1_113' title='bbox 1259 1446 1301 1511; x_wconf 93' lang='lat' dir='ltr'>ob</span> 
     </span>
     <span class='ocr_line' id='line_1_15' title="bbox 129 1533 1301 1620; baseline 0.002 -23"><span class='ocrx_word' id='word_1_114' title='bbox 129 1554 267 1617; x_wconf 90' lang='lat' dir='ltr'>eamque</span> <span class='ocrx_word' id='word_1_115' title='bbox 289 1555 359 1597; x_wconf 88' lang='lat' dir='ltr'>rem</span> <span class='ocrx_word' id='word_1_116' title='bbox 381 1552 518 1617; x_wconf 84' lang='lat' dir='ltr'>magnus</span> <span class='ocrx_word' id='word_1_117' title='bbox 542 1538 629 1598; x_wconf 89' lang='lat' dir='ltr'>esset</span> <span class='ocrx_word' id='word_1_118' title='bbox 647 1554 832 1616; x_wconf 66' lang='lat' dir='ltr'>concursus</span> <span class='ocrx_word' id='word_1_119' title='bbox 854 1533 919 1598; x_wconf 87' lang='lat' dir='ltr'>fuit</span> <span class='ocrx_word' id='word_1_120' title='bbox 936 1556 1106 1616; x_wconf 87' lang='lat' dir='ltr'>nonnemo,</span> <span class='ocrx_word' id='word_1_121' title='bbox 1126 1535 1182 1619; x_wconf 88' lang='lat' dir='ltr'>qui</span> <span class='ocrx_word' id='word_1_122' title='bbox 1201 1556 1301 1620; x_wconf 86' lang='lat' dir='ltr'>agno-</span> 
     </span>
     <span class='ocr_line' id='line_1_16' title="bbox 129 1620 1338 1706; baseline 0.001 -20"><span class='ocrx_word' id='word_1_123' title='bbox 129 1627 235 1687; x_wconf 91' lang='lat' dir='ltr'>sceret</span> <span class='ocrx_word' id='word_1_124' title='bbox 253 1622 381 1706; x_wconf 83' lang='lat' dir='ltr'>Thuym</span> <span class='ocrx_word' id='word_1_125' title='bbox 398 1622 534 1706; x_wconf 87' lang='lat' dir='ltr'>regique</span> <span class='ocrx_word' id='word_1_126' title='bbox 551 1622 727 1686; x_wconf 86' lang='lat' dir='ltr'>nuntiaret.</span> <span class='ocrx_word' id='word_1_127' title='bbox 764 1620 798 1686; x_wconf 91' lang='lat' dir='ltr'>Is</span> <span class='ocrx_word' id='word_1_128' title='bbox 816 1622 922 1705; x_wconf 92' lang='lat' dir='ltr'>primo</span> <span class='ocrx_word' id='word_1_129' title='bbox 946 1644 1012 1688; x_wconf 90' lang='lat' dir='ltr'>non</span> <span class='ocrx_word' id='word_1_130' title='bbox 1031 1622 1218 1688; x_wconf 88' lang='lat' dir='ltr'>accredidit:</span> <span class='ocrx_word' id='word_1_131' title='bbox 1242 1624 1301 1687; x_wconf 88' lang='lat' dir='ltr'>ita-</span> <span class='ocrx_word' id='word_1_132' title='bbox 1320 1639 1338 1687; x_wconf 83' lang='lat'>4</span> 
     </span>
     <span class='ocr_line' id='line_1_17' title="bbox 129 1710 1301 1796; baseline 0 -21"><span class='ocrx_word' id='word_1_133' title='bbox 129 1732 191 1795; x_wconf 90' lang='lat' dir='ltr'>que</span> <span class='ocrx_word' id='word_1_134' title='bbox 210 1710 301 1776; x_wconf 88' lang='lat' dir='ltr'>misit</span> <span class='ocrx_word' id='word_1_135' title='bbox 319 1711 460 1795; x_wconf 85' lang='lat' dir='ltr'>aliquem</span> <span class='ocrx_word' id='word_1_136' title='bbox 479 1710 692 1793; x_wconf 85' lang='lat' dir='ltr'>exploratum.</span> <span class='ocrx_word' id='word_1_137' title='bbox 725 1710 835 1794; x_wconf 84' lang='lat' dir='ltr'>Aquo</span> <span class='ocrx_word' id='word_1_138' title='bbox 856 1715 891 1776; x_wconf 94' lang='lat' dir='ltr'>ut</span> <span class='ocrx_word' id='word_1_139' title='bbox 909 1733 978 1776; x_wconf 88' lang='lat' dir='ltr'>rem</span> <span class='ocrx_word' id='word_1_140' title='bbox 992 1715 1117 1796; x_wconf 86' lang='lat' dir='ltr'>gestam</span> <span class='ocrx_word' id='word_1_141' title='bbox 1137 1712 1301 1794; x_wconf 88' lang='lat' dir='ltr'>comperit,</span> 
     </span>
     <span class='ocr_line' id='line_1_18' title="bbox 130 1799 1301 1884; baseline 0.001 -20"><span class='ocrx_word' id='word_1_142' title='bbox 130 1799 245 1864; x_wconf 89' lang='lat' dir='ltr'>statim</span> <span class='ocrx_word' id='word_1_143' title='bbox 268 1799 398 1864; x_wconf 90' lang='lat' dir='ltr'>admitti</span> <span class='ocrx_word' id='word_1_144' title='bbox 416 1800 510 1864; x_wconf 89' lang='lat' dir='ltr'>illum</span> <span class='ocrx_word' id='word_1_145' title='bbox 528 1799 633 1881; x_wconf 87' lang='lat' dir='ltr'>iussit,</span> <span class='ocrx_word' id='word_1_146' title='bbox 657 1818 775 1882; x_wconf 85' lang='lat' dir='ltr'>magno</span> <span class='ocrx_word' id='word_1_147' title='bbox 800 1821 897 1884; x_wconf 89' lang='lat' dir='ltr'>opere</span> <span class='ocrx_word' id='word_1_148' title='bbox 921 1800 1098 1865; x_wconf 91' lang='lat' dir='ltr'>delectatus</span> <span class='ocrx_word' id='word_1_149' title='bbox 1122 1822 1196 1866; x_wconf 91' lang='lat' dir='ltr'>cum</span> <span class='ocrx_word' id='word_1_150' title='bbox 1214 1800 1301 1866; x_wconf 88' lang='lat' dir='ltr'>facto</span> 
     </span>
     <span class='ocr_line' id='line_1_19' title="bbox 128 1886 1301 1973; baseline 0.002 -22"><span class='ocrx_word' id='word_1_151' title='bbox 128 1890 200 1952; x_wconf 90' lang='lat' dir='ltr'>tum</span> <span class='ocrx_word' id='word_1_152' title='bbox 219 1891 347 1970; x_wconf 89' lang='lat' dir='ltr'>ornatu,</span> <span class='ocrx_word' id='word_1_153' title='bbox 366 1889 402 1952; x_wconf 94' lang='lat' dir='ltr'>in</span> <span class='ocrx_word' id='word_1_154' title='bbox 415 1888 529 1971; x_wconf 91' lang='lat' dir='ltr'>primis</span> <span class='ocrx_word' id='word_1_155' title='bbox 544 1886 631 1973; x_wconf 91' lang='lat' dir='ltr'>quod</span> <span class='ocrx_word' id='word_1_156' title='bbox 648 1887 769 1952; x_wconf 88' lang='lat' dir='ltr'>nobilis</span> <span class='ocrx_word' id='word_1_157' title='bbox 783 1910 840 1953; x_wconf 86' lang='lat' dir='ltr'>rex</span> <span class='ocrx_word' id='word_1_158' title='bbox 857 1889 1042 1973; x_wconf 73' lang='lat' dir='ltr'>inopinanti</span> <span class='ocrx_word' id='word_1_159' title='bbox 1055 1889 1089 1953; x_wconf 91' lang='lat' dir='ltr'>in</span> <span class='ocrx_word' id='word_1_160' title='bbox 1102 1892 1301 1972; x_wconf 87' lang='lat' dir='ltr'>potestatem</span> 
     </span>
     <span class='ocr_line' id='line_1_20' title="bbox 127 1973 1335 2061; baseline 0.002 -21"><span class='ocrx_word' id='word_1_161' title='bbox 127 1980 270 2043; x_wconf 86' lang='lat' dir='ltr'>venerat.</span> <span class='ocrx_word' id='word_1_162' title='bbox 322 1974 435 2061; x_wconf 92' lang='lat' dir='ltr'>Itaque</span> <span class='ocrx_word' id='word_1_163' title='bbox 462 1976 633 2061; x_wconf 89' lang='lat' dir='ltr'>magnifice</span> <span class='ocrx_word' id='word_1_164' title='bbox 660 1973 834 2041; x_wconf 89' lang='lat' dir='ltr'>Datamem</span> <span class='ocrx_word' id='word_1_165' title='bbox 867 1978 1023 2061; x_wconf 82' lang='lat' dir='ltr'>donatum</span> <span class='ocrx_word' id='word_1_166' title='bbox 1052 1978 1091 2042; x_wconf 93' lang='lat' dir='ltr'>ad</span> <span class='ocrx_word' id='word_1_167' title='bbox 1125 1978 1335 2043; x_wconf 76' lang='lat' dir='ltr'>exercitumc</span> 
     </span>
     <span class='ocr_line' id='line_1_21' title="bbox 127 2065 1300 2149; baseline 0.001 -20"><span class='ocrx_word' id='word_1_168' title='bbox 127 2066 236 2148; x_wconf 80' lang='lat' dir='ltr'>misit,</span> <span class='ocrx_word' id='word_1_169' title='bbox 270 2066 325 2149; x_wconf 92' lang='lat' dir='ltr'>qui</span> <span class='ocrx_word' id='word_1_170' title='bbox 356 2069 427 2130; x_wconf 90' lang='lat' dir='ltr'>tum</span> <span class='ocrx_word' id='word_1_171' title='bbox 464 2065 716 2130; x_wconf 90' lang='lat' dir='ltr'>contrahebatur</span> <span class='ocrx_word' id='word_1_172' title='bbox 747 2065 826 2130; x_wconf 90' lang='lat' dir='ltr'>duce</span> <span class='ocrx_word' id='word_1_173' title='bbox 858 2066 1069 2131; x_wconf 86' lang='lat' dir='ltr'>Pharnabazo</span> <span class='ocrx_word' id='word_1_174' title='bbox 1108 2066 1149 2132; x_wconf 89' lang='lat' dir='ltr'>ad</span> <span class='ocrx_word' id='word_1_175' title='bbox 1180 2067 1300 2131; x_wconf 89' lang='lat' dir='ltr'>bellum</span> 
     </span>
     <span class='ocr_line' id='line_1_22' title="bbox 126 2151 1023 2240; baseline 0.002 -23"><span class='ocrx_word' id='word_1_176' title='bbox 126 2151 389 2240; x_wconf 80' lang='lat' dir='ltr'>Aegyptium¹⁰),</span> <span class='ocrx_word' id='word_1_177' title='bbox 411 2154 545 2238; x_wconf 87' lang='lat' dir='ltr'>parique</span> <span class='ocrx_word' id='word_1_178' title='bbox 569 2175 642 2218; x_wconf 90' lang='lat' dir='ltr'>eum</span> <span class='ocrx_word' id='word_1_179' title='bbox 665 2156 800 2238; x_wconf 91' lang='lat' dir='ltr'>imperio</span> <span class='ocrx_word' id='word_1_180' title='bbox 824 2175 895 2219; x_wconf 89' lang='lat' dir='ltr'>esse</span> <span class='ocrx_word' id='word_1_181' title='bbox 918 2156 1023 2220; x_wconf 90' lang='lat' dir='ltr'>iussit.</span> 
     </span>
    </p>

    <p class='ocr_par' dir='ltr' id='par_1_4' title="bbox 125 2240 1367 3214">
     <span class='ocr_line' id='line_1_23' title="bbox 217 2240 1334 2326; baseline 0 -19"><span class='ocrx_word' id='word_1_182' title='bbox 217 2241 273 2307; x_wconf 80' lang='lat' dir='ltr'>IV.</span> <span class='ocrx_word' id='word_1_183' title='bbox 306 2240 368 2307; x_wconf 81' lang='lat' dir='ltr'>sed</span> <span class='ocrx_word' id='word_1_184' title='bbox 395 2243 440 2325; x_wconf 89' lang='grc'>11,</span> <span class='ocrx_word' id='word_1_185' title='bbox 473 2265 544 2308; x_wconf 88' lang='lat' dir='ltr'>cum</span> <span class='ocrx_word' id='word_1_186' title='bbox 572 2241 714 2307; x_wconf 86' lang='lat' dir='ltr'>maximo</span> <span class='ocrx_word' id='word_1_187' title='bbox 748 2243 856 2308; x_wconf 90' lang='lat' dir='ltr'>studio</span> <span class='ocrx_word' id='word_1_188' title='bbox 889 2247 1093 2326; x_wconf 88' lang='lat' dir='ltr'>compararet</span> <span class='ocrx_word' id='word_1_189' title='bbox 1125 2244 1334 2309; x_wconf 87' lang='lat' dir='ltr'>exercitum1</span> 
     </span>
     <span class='ocr_line' id='line_1_24' title="bbox 125 2330 1300 2416; baseline 0.001 -21"><span class='ocrx_word' id='word_1_190' title='bbox 125 2330 379 2415; x_wconf 80' lang='lat' dir='ltr'>Aegyptumque</span> <span class='ocrx_word' id='word_1_191' title='bbox 406 2331 566 2415; x_wconf 87' lang='lat' dir='ltr'>proficisci</span> <span class='ocrx_word' id='word_1_192' title='bbox 593 2335 737 2415; x_wconf 87' lang='lat' dir='ltr'>pararet,</span> <span class='ocrx_word' id='word_1_193' title='bbox 770 2332 879 2397; x_wconf 88' lang='lat' dir='ltr'>subito</span> <span class='ocrx_word' id='word_1_194' title='bbox 910 2354 929 2396; x_wconf 88' lang='lat' dir='ltr'>a</span> <span class='ocrx_word' id='word_1_195' title='bbox 956 2353 1032 2416; x_wconf 89' lang='lat' dir='ltr'>rege</span> <span class='ocrx_word' id='word_1_196' title='bbox 1064 2332 1193 2396; x_wconf 88' lang='grc'><strong>11111111</strong></span> <span class='ocrx_word' id='word_1_197' title='bbox 1225 2336 1300 2396; x_wconf 88' lang='lat' dir='ltr'>sunt</span> 
     </span>
     <span class='ocr_line' id='line_1_25' title="bbox 128 2417 1367 2505; baseline -0.001 -21"><span class='ocrx_word' id='word_1_198' title='bbox 128 2420 263 2503; x_wconf 85' lang='lat' dir='ltr'>missae,</span> <span class='ocrx_word' id='word_1_199' title='bbox 285 2425 323 2484; x_wconf 91' lang='lat' dir='ltr'>ut</span> <span class='ocrx_word' id='word_1_200' title='bbox 345 2420 460 2504; x_wconf 84' lang='lat' dir='ltr'>Aspim</span> <span class='ocrx_word' id='word_1_201' title='bbox 484 2420 722 2505; x_wconf 77' lang='lat' dir='ltr'>aggrederetur,</span> <span class='ocrx_word' id='word_1_202' title='bbox 746 2420 801 2502; x_wconf 88' lang='lat' dir='ltr'>qui</span> <span class='ocrx_word' id='word_1_203' title='bbox 824 2417 1015 2485; x_wconf 79' lang='lat' dir='ltr'>Cataoniam</span> <span class='ocrx_word' id='word_1_204' title='bbox 1038 2421 1184 2484; x_wconf 86' lang='lat' dir='ltr'>tenebat:</span> <span class='ocrx_word' id='word_1_205' title='bbox 1217 2442 1299 2504; x_wconf 87' lang='lat' dir='ltr'>quae</span> <span class='ocrx_word' id='word_1_206' title='bbox 1361 2444 1367 2449; x_wconf 90' lang='lat'><strong>·</strong></span> 
     </span>
     <span class='ocr_line' id='line_1_26' title="bbox 128 2506 1333 2593; baseline -0.002 -20"><span class='ocrx_word' id='word_1_207' title='bbox 128 2530 207 2593; x_wconf 86' lang='lat' dir='ltr'>gens</span> <span class='ocrx_word' id='word_1_208' title='bbox 240 2510 326 2574; x_wconf 86' lang='lat' dir='ltr'>iacet</span> <span class='ocrx_word' id='word_1_209' title='bbox 362 2531 460 2593; x_wconf 90' lang='lat' dir='ltr'>supra</span> <span class='ocrx_word' id='word_1_210' title='bbox 491 2506 656 2586; x_wconf 79' lang='lat' dir='ltr'>Ciliciam,</span> <span class='ocrx_word' id='word_1_211' title='bbox 688 2508 824 2573; x_wconf 88' lang='lat' dir='ltr'>confinis</span> <span class='ocrx_word' id='word_1_212' title='bbox 858 2507 1091 2593; x_wconf 79' lang='lat' dir='ltr'>Cappadociae.</span> <span class='ocrx_word' id='word_1_213' title='bbox 1150 2507 1333 2593; x_wconf 77' lang='lat' dir='ltr'>Namquea</span> 
     </span>
     <span class='ocr_line' id='line_1_27' title="bbox 128 2597 1298 2682; baseline -0.001 -20"><span class='ocrx_word' id='word_1_214' title='bbox 128 2597 238 2682; x_wconf 84' lang='lat' dir='ltr'>Aspis,</span> <span class='ocrx_word' id='word_1_215' title='bbox 262 2598 440 2663; x_wconf 85' lang='lat' dir='ltr'>saltuosam</span> <span class='ocrx_word' id='word_1_216' title='bbox 459 2599 624 2681; x_wconf 81' lang='lat' dir='ltr'>regionem</span> <span class='ocrx_word' id='word_1_217' title='bbox 647 2597 854 2681; x_wconf 87' lang='lat' dir='ltr'>castellisque</span> <span class='ocrx_word' id='word_1_218' title='bbox 876 2598 1036 2661; x_wconf 91' lang='lat' dir='ltr'>munitam</span> <span class='ocrx_word' id='word_1_219' title='bbox 1055 2597 1209 2679; x_wconf 88' lang='lat' dir='ltr'>incolens,</span> <span class='ocrx_word' id='word_1_220' title='bbox 1232 2618 1298 2661; x_wconf 92' lang='lat' dir='ltr'>non</span> 
     </span>
     <span class='ocr_line' id='line_1_28' title="bbox 129 2684 1299 2772; baseline 0 -22"><span class='ocrx_word' id='word_1_221' title='bbox 129 2687 237 2750; x_wconf 92' lang='lat' dir='ltr'>solum</span> <span class='ocrx_word' id='word_1_222' title='bbox 255 2686 392 2770; x_wconf 89' lang='lat' dir='ltr'>imperio</span> <span class='ocrx_word' id='word_1_223' title='bbox 410 2687 498 2772; x_wconf 91' lang='lat' dir='ltr'>regis</span> <span class='ocrx_word' id='word_1_224' title='bbox 521 2708 589 2750; x_wconf 90' lang='lat' dir='ltr'>non</span> <span class='ocrx_word' id='word_1_225' title='bbox 608 2684 754 2770; x_wconf 88' lang='lat' dir='ltr'>parebat,</span> <span class='ocrx_word' id='word_1_226' title='bbox 778 2686 833 2750; x_wconf 93' lang='lat' dir='ltr'>sed</span> <span class='ocrx_word' id='word_1_227' title='bbox 852 2686 951 2751; x_wconf 88' lang='lat' dir='ltr'>etiam</span> <span class='ocrx_word' id='word_1_228' title='bbox 970 2685 1128 2750; x_wconf 90' lang='lat' dir='ltr'>finitimas</span> <span class='ocrx_word' id='word_1_229' title='bbox 1148 2685 1299 2769; x_wconf 81' lang='lat' dir='ltr'>regiones</span> 
     </span>
     <span class='ocr_line' id='line_1_29' title="bbox 127 2772 1334 2859; baseline -0.001 -20"><span class='ocrx_word' id='word_1_230' title='bbox 127 2776 268 2840; x_wconf 85' lang='lat' dir='ltr'>vexabat</span> <span class='ocrx_word' id='word_1_231' title='bbox 291 2778 324 2839; x_wconf 95' lang='lat' dir='ltr'>et</span> <span class='ocrx_word' id='word_1_232' title='bbox 343 2797 424 2859; x_wconf 89' lang='lat' dir='ltr'>qnae</span> <span class='ocrx_word' id='word_1_233' title='bbox 447 2776 517 2859; x_wconf 87' lang='lat' dir='ltr'>regi</span> <span class='ocrx_word' id='word_1_234' title='bbox 540 2772 794 2859; x_wconf 68' lang='lat' dir='ltr'>portarenturss)</span> <span class='ocrx_word' id='word_1_235' title='bbox 818 2773 1008 2859; x_wconf 87' lang='lat' dir='ltr'>abripiebat.</span> <span class='ocrx_word' id='word_1_236' title='bbox 1049 2774 1215 2858; x_wconf 84' lang='lat' dir='ltr'>Datames,</span> <span class='ocrx_word' id='word_1_237' title='bbox 1238 2774 1334 2838; x_wconf 78' lang='lat' dir='ltr'>etsie</span> 
     </span>
     <span class='ocr_line' id='line_1_30' title="bbox 127 2863 1300 2948; baseline 0.001 -22"><span class='ocrx_word' id='word_1_238' title='bbox 127 2863 228 2947; x_wconf 90' lang='lat' dir='ltr'>longe</span> <span class='ocrx_word' id='word_1_239' title='bbox 252 2865 365 2928; x_wconf 89' lang='lat' dir='ltr'>aberat</span> <span class='ocrx_word' id='word_1_240' title='bbox 388 2864 429 2927; x_wconf 90' lang='lat' dir='ltr'>ab</span> <span class='ocrx_word' id='word_1_241' title='bbox 452 2864 504 2928; x_wconf 89' lang='lat' dir='ltr'>his</span> <span class='ocrx_word' id='word_1_242' title='bbox 527 2863 715 2948; x_wconf 81' lang='lat' dir='ltr'>regionibus</span> <span class='ocrx_word' id='word_1_243' title='bbox 739 2866 771 2926; x_wconf 87' lang='lat' dir='ltr'>et</span> <span class='ocrx_word' id='word_1_244' title='bbox 794 2885 814 2927; x_wconf 91' lang='lat' dir='ltr'>a</span> <span class='ocrx_word' id='word_1_245' title='bbox 837 2864 958 2928; x_wconf 90' lang='lat' dir='ltr'>maiore</span> <span class='ocrx_word' id='word_1_246' title='bbox 982 2886 1017 2928; x_wconf 92' lang='lat' dir='ltr'>rc</span> <span class='ocrx_word' id='word_1_247' title='bbox 1041 2864 1300 2946; x_wconf 88' lang='lat' dir='ltr'>abstrahebatur,</span> 
     </span>
     <span class='ocr_line' id='line_1_31' title="bbox 127 2952 1301 3037; baseline 0 -21"><span class='ocrx_word' id='word_1_248' title='bbox 127 2956 241 3017; x_wconf 90' lang='lat' dir='ltr'>tamen</span> <span class='ocrx_word' id='word_1_249' title='bbox 263 2953 350 3037; x_wconf 91' lang='lat' dir='ltr'>regis</span> <span class='ocrx_word' id='word_1_250' title='bbox 372 2952 535 3018; x_wconf 86' lang='lat' dir='ltr'>voluntati</span> <span class='ocrx_word' id='word_1_251' title='bbox 558 2974 682 3016; x_wconf 88' lang='lat' dir='ltr'>morem</span> <span class='ocrx_word' id='word_1_252' title='bbox 706 2952 883 3035; x_wconf 91' lang='lat' dir='ltr'>gerendum</span> <span class='ocrx_word' id='word_1_253' title='bbox 908 2953 1044 3036; x_wconf 84' lang='lat' dir='ltr'>putarit.</span> <span class='ocrx_word' id='word_1_254' title='bbox 1089 2952 1204 3036; x_wconf 88' lang='lat' dir='ltr'>Itaque</span> <span class='ocrx_word' id='word_1_255' title='bbox 1228 2973 1301 3016; x_wconf 90' lang='lat' dir='ltr'>cum</span> 
     </span>
     <span class='ocr_line' id='line_1_32' title="bbox 127 3039 1300 3126; baseline -0.002 -20"><span class='ocrx_word' id='word_1_256' title='bbox 127 3041 250 3124; x_wconf 88' lang='lat' dir='ltr'>paucis,</span> <span class='ocrx_word' id='word_1_257' title='bbox 269 3041 324 3106; x_wconf 92' lang='lat' dir='ltr'>sed</span> <span class='ocrx_word' id='word_1_258' title='bbox 343 3041 422 3105; x_wconf 86' lang='lat' dir='ltr'>viris</span> <span class='ocrx_word' id='word_1_259' title='bbox 436 3041 577 3105; x_wconf 89' lang='lat' dir='ltr'>fortibus</span> <span class='ocrx_word' id='word_1_260' title='bbox 596 3062 712 3105; x_wconf 87' lang='lat' dir='ltr'>navem</span> <span class='ocrx_word' id='word_1_261' title='bbox 732 3041 927 3124; x_wconf 89' lang='lat' dir='ltr'>conscendit,</span> <span class='ocrx_word' id='word_1_262' title='bbox 946 3041 1143 3118; x_wconf 85' lang='lat' dir='ltr'>existimans,</span> <span class='ocrx_word' id='word_1_263' title='bbox 1162 3040 1197 3105; x_wconf 91' lang='lat' dir='ltr'>id</span> <span class='ocrx_word' id='word_1_264' title='bbox 1215 3039 1300 3126; x_wconf 92' lang='lat' dir='ltr'>quod</span> 
     </span>
     <span class='ocr_line' id='line_1_33' title="bbox 128 3129 1300 3214; baseline -0.001 -20"><span class='ocrx_word' id='word_1_265' title='bbox 128 3130 254 3212; x_wconf 92' lang='lat' dir='ltr'>accidit,</span> <span class='ocrx_word' id='word_1_266' title='bbox 271 3129 398 3211; x_wconf 84' lang='lat' dir='ltr'>facilius</span> <span class='ocrx_word' id='word_1_267' title='bbox 413 3152 447 3194; x_wconf 89' lang='lat' dir='ltr'>se</span> <span class='ocrx_word' id='word_1_268' title='bbox 464 3129 704 3212; x_wconf 89' lang='lat' dir='ltr'>imprudentem</span> <span class='ocrx_word' id='word_1_269' title='bbox 719 3151 821 3213; x_wconf 85' lang='lat' dir='ltr'>parva</span> <span class='ocrx_word' id='word_1_270' title='bbox 839 3152 937 3194; x_wconf 88' lang='lat' dir='ltr'>manu</span> <span class='ocrx_word' id='word_1_271' title='bbox 957 3151 1189 3214; x_wconf 88' lang='lat' dir='ltr'>oppressurum</span> <span class='ocrx_word' id='word_1_272' title='bbox 1202 3151 1300 3212; x_wconf 88' lang='lat' dir='ltr'>quam</span> 
     </span>
    </p>
   </div>
   <div class='ocr_carea' id='block_1_3' title="bbox 125 3215 1335 3746">
    <p class='ocr_par' dir='ltr' id='par_1_5' title="bbox 125 3215 1335 3746">
     <span class='ocr_line' id='line_1_34' title="bbox 126 3215 1335 3304; baseline -0.001 -22"><span class='ocrx_word' id='word_1_273' title='bbox 126 3222 280 3302; x_wconf 90' lang='lat' dir='ltr'>paratum</span> <span class='ocrx_word' id='word_1_274' title='bbox 309 3219 457 3304; x_wconf 80' lang='lat' dir='ltr'>quamvis</span> <span class='ocrx_word' id='word_1_275' title='bbox 484 3239 605 3303; x_wconf 84' lang='lat' dir='ltr'>magno</span> <span class='ocrx_word' id='word_1_276' title='bbox 634 3219 785 3282; x_wconf 85' lang='lat' dir='ltr'>exercitu.</span> <span class='ocrx_word' id='word_1_277' title='bbox 830 3217 967 3283; x_wconf 87' lang='lat' dir='ltr'>Delatus</span> <span class='ocrx_word' id='word_1_278' title='bbox 997 3220 1031 3283; x_wconf 90' lang='lat' dir='ltr'>in</span> <span class='ocrx_word' id='word_1_279' title='bbox 1056 3215 1203 3283; x_wconf 88' lang='lat' dir='ltr'>Ciliciam</span> <span class='ocrx_word' id='word_1_280' title='bbox 1226 3233 1335 3282; x_wconf 69' lang='lat' dir='ltr'>cume</span> 
     </span>
     <span class='ocr_line' id='line_1_35' title="bbox 127 3307 1301 3392; baseline 0 -22"><span class='ocrx_word' id='word_1_281' title='bbox 127 3328 278 3392; x_wconf 87' lang='lat' dir='ltr'>egressus</span> <span class='ocrx_word' id='word_1_282' title='bbox 312 3310 408 3389; x_wconf 90' lang='lat' dir='ltr'>esset,</span> <span class='ocrx_word' id='word_1_283' title='bbox 441 3307 509 3371; x_wconf 88' lang='lat' dir='ltr'>dies&#39;</span> <span class='ocrx_word' id='word_1_284' title='bbox 541 3310 715 3390; x_wconf 84' lang='lat' dir='ltr'>noctesque</span> <span class='ocrx_word' id='word_1_285' title='bbox 747 3307 811 3371; x_wconf 89' lang='lat' dir='ltr'>iter</span> <span class='ocrx_word' id='word_1_286' title='bbox 842 3307 964 3372; x_wconf 86' lang='lat' dir='ltr'>faciens</span> <span class='ocrx_word' id='word_1_287' title='bbox 995 3307 1136 3372; x_wconf 84' lang='lat' dir='ltr'>Taurum</span> <span class='ocrx_word' id='word_1_288' title='bbox 1168 3307 1301 3371; x_wconf 91' lang='lat' dir='ltr'>transiit</span> 
     </span>
     <span class='ocr_line' id='line_1_36' title="bbox 128 3394 1299 3480; baseline -0.001 -20"><span class='ocrx_word' id='word_1_289' title='bbox 128 3417 244 3480; x_wconf 88' lang='lat' dir='ltr'>eoque,</span> <span class='ocrx_word' id='word_1_290' title='bbox 273 3418 337 3480; x_wconf 89' lang='lat' dir='ltr'>quo</span> <span class='ocrx_word' id='word_1_291' title='bbox 361 3395 541 3477; x_wconf 88' lang='lat' dir='ltr'>studuerat,</span> <span class='ocrx_word' id='word_1_292' title='bbox 565 3395 662 3460; x_wconf 87' lang='lat' dir='ltr'>venit.</span> <span class='ocrx_word' id='word_1_293' title='bbox 708 3394 852 3478; x_wconf 81' lang='lat' dir='ltr'>Quaerit,</span> <span class='ocrx_word' id='word_1_294' title='bbox 877 3397 993 3480; x_wconf 90' lang='lat' dir='ltr'>quibus</span> <span class='ocrx_word' id='word_1_295' title='bbox 1016 3397 1096 3461; x_wconf 89' lang='lat' dir='ltr'>locis</span> <span class='ocrx_word' id='word_1_296' title='bbox 1120 3396 1163 3460; x_wconf 87' lang='lat' dir='ltr'>sit</span> <span class='ocrx_word' id='word_1_297' title='bbox 1186 3395 1299 3479; x_wconf 84' lang='lat' dir='ltr'>Aspis:</span> 
     </span>
     <span class='ocr_line' id='line_1_37' title="bbox 127 3483 1298 3570; baseline 0.002 -23"><span class='ocrx_word' id='word_1_298' title='bbox 127 3485 300 3569; x_wconf 87' lang='lat' dir='ltr'>cognoscit</span> <span class='ocrx_word' id='word_1_299' title='bbox 334 3484 421 3549; x_wconf 90' lang='lat' dir='ltr'>haud</span> <span class='ocrx_word' id='word_1_300' title='bbox 458 3483 558 3568; x_wconf 87' lang='lat' dir='ltr'>longe</span> <span class='ocrx_word' id='word_1_301' title='bbox 597 3484 711 3548; x_wconf 89' lang='lat' dir='ltr'>abesse</span> <span class='ocrx_word' id='word_1_302' title='bbox 746 3484 992 3570; x_wconf 88' lang='lat' dir='ltr'>profectumque</span> <span class='ocrx_word' id='word_1_303' title='bbox 1029 3505 1102 3548; x_wconf 86' lang='lat' dir='ltr'>eum</span> <span class='ocrx_word' id='word_1_304' title='bbox 1138 3486 1298 3549; x_wconf 88' lang='lat' dir='ltr'>venatum.</span> 
     </span>
     <span class='ocr_line' id='line_1_38' title="bbox 125 3571 1299 3658; baseline -0.003 -21"><span class='ocrx_word' id='word_1_305' title='bbox 125 3571 214 3647; x_wconf 77' lang='lat' dir='ltr'>Quae</span> <span class='ocrx_word' id='word_1_306' title='bbox 239 3572 313 3637; x_wconf 91' lang='lat' dir='ltr'>dum</span> <span class='ocrx_word' id='word_1_307' title='bbox 335 3573 528 3657; x_wconf 87' lang='lat' dir='ltr'>speculatur,</span> <span class='ocrx_word' id='word_1_308' title='bbox 553 3572 710 3637; x_wconf 87' lang='lat' dir='ltr'>adventus</span> <span class='ocrx_word' id='word_1_309' title='bbox 734 3574 802 3637; x_wconf 89' lang='lat' dir='ltr'>eius</span> <span class='ocrx_word' id='word_1_310' title='bbox 823 3595 920 3637; x_wconf 90' lang='lat' dir='ltr'>causa</span> <span class='ocrx_word' id='word_1_311' title='bbox 943 3573 1157 3658; x_wconf 89' lang='lat' dir='ltr'>cognoscitur.</span> <span class='ocrx_word' id='word_1_312' title='bbox 1201 3571 1299 3655; x_wconf 89' lang='lat' dir='ltr'>Aspis</span> 
     </span>
     <span class='ocr_line' id='line_1_39' title="bbox 126 3661 1298 3746; baseline -0.003 -20"><span class='ocrx_word' id='word_1_313' title='bbox 126 3683 199 3726; x_wconf 88' lang='lat' dir='ltr'>curn</span> <span class='ocrx_word' id='word_1_314' title='bbox 223 3661 273 3746; x_wconf 87' lang='lat' dir='ltr'>iis,</span> <span class='ocrx_word' id='word_1_315' title='bbox 296 3683 376 3746; x_wconf 91' lang='lat' dir='ltr'>quos</span> <span class='ocrx_word' id='word_1_316' title='bbox 401 3683 509 3727; x_wconf 90' lang='lat' dir='ltr'>secum</span> <span class='ocrx_word' id='word_1_317' title='bbox 526 3661 680 3743; x_wconf 88' lang='lat' dir='ltr'>habebat,</span> <span class='ocrx_word' id='word_1_318' title='bbox 702 3661 742 3726; x_wconf 91' lang='lat' dir='ltr'>ad</span> <span class='ocrx_word' id='word_1_319' title='bbox 759 3661 973 3735; x_wconf 90' lang='lat' dir='ltr'>resistendum</span> <span class='ocrx_word' id='word_1_320' title='bbox 992 3662 1101 3727; x_wconf 88' lang='lat' dir='ltr'>omnia</span> <span class='ocrx_word' id='word_1_321' title='bbox 1120 3662 1298 3744; x_wconf 86' lang='lat' dir='ltr'>comparat.</span> 
     </span>
    </p>
   </div>
   <div class='ocr_carea' id='block_1_4' title="bbox 125 3816 1299 3959">
    <p class='ocr_par' dir='ltr' id='par_1_6' title="bbox 125 3816 1299 3959">
     <span class='ocr_line' id='line_1_40' title="bbox 162 3816 1298 3887; baseline 0.001 -17"><span class='ocrx_word' id='word_1_322' title='bbox 162 3816 236 3886; x_wconf 79' lang='grc'>9)111</span> <span class='ocrx_word' id='word_1_323' title='bbox 264 3817 356 3872; x_wconf 87' lang='lat' dir='ltr'>dieser</span> <span class='ocrx_word' id='word_1_324' title='bbox 382 3817 549 3886; x_wconf 79' lang='lat' dir='ltr'>Bedeutung</span> <span class='ocrx_word' id='word_1_325' title='bbox 576 3818 686 3872; x_wconf 87' lang='grc'><strong>11111111</strong></span> <span class='ocrx_word' id='word_1_326' title='bbox 738 3816 813 3871; x_wconf 82' lang='lat' dir='ltr'>baim</span> <span class='ocrx_word' id='word_1_327' title='bbox 848 3817 1009 3887; x_wconf 85' lang='lat' dir='ltr'>persischen</span> <span class='ocrx_word' id='word_1_328' title='bbox 1043 3817 1132 3872; x_wconf 89' lang='lat' dir='ltr'>Hecre</span> <span class='ocrx_word' id='word_1_329' title='bbox 1169 3833 1298 3887; x_wconf 74' lang='lat' dir='ltr'>genesen</span> 
     </span>
     <span class='ocr_line' id='line_1_41' title="bbox 125 3888 1299 3959; baseline -0.001 -17"><span class='ocrx_word' id='word_1_330' title='bbox 125 3889 205 3943; x_wconf 81' lang='lat' dir='ltr'>sonet</span> <span class='ocrx_word' id='word_1_331' title='bbox 218 3889 388 3959; x_wconf 82' lang='lat' dir='ltr'>wenigstens</span> <span class='ocrx_word' id='word_1_332' title='bbox 403 3889 453 3942; x_wconf 87' lang='lat' dir='ltr'>das</span> <span class='ocrx_word' id='word_1_333' title='bbox 467 3888 613 3943; x_wconf 84' lang='lat' dir='ltr'>Passivum</span> <span class='ocrx_word' id='word_1_334' title='bbox 626 3905 685 3957; x_wconf 83' lang='lat' dir='ltr'>vor,</span> <span class='ocrx_word' id='word_1_335' title='bbox 738 3892 825 3957; x_wconf 78' lang='grc'><strong>1111,</strong></span> <span class='ocrx_word' id='word_1_336' title='bbox 853 3888 933 3944; x_wconf 70' lang='lat' dir='ltr'>hatte</span> <span class='ocrx_word' id='word_1_337' title='bbox 959 3888 1091 3943; x_wconf 87' lang='lat' dir='ltr'>Datames</span> <span class='ocrx_word' id='word_1_338' title='bbox 1119 3888 1166 3943; x_wconf 88' lang='lat' dir='ltr'>bei</span> <span class='ocrx_word' id='word_1_339' title='bbox 1194 3888 1299 3943; x_wconf 87' lang='lat' dir='ltr'>seinem</span> 
     </span>
    </p>
   </div>
   <div class='ocr_carea' id='block_1_5' title="bbox 123 3957 1423 4037">
    <p class='ocr_par' dir='ltr' id='par_1_7' title="bbox 123 3957 1423 4037">
     <span class='ocr_line' id='line_1_42' title="bbox 123 3957 1423 4037; baseline 0 -24"><span class='ocrx_word' id='word_1_340' title='bbox 123 3959 170 4014; x_wconf 87' lang='lat' dir='ltr'>bei</span> <span class='ocrx_word' id='word_1_341' title='bbox 187 3957 284 4029; x_wconf 86' lang='lat' dir='ltr'>Nepos</span> <span class='ocrx_word' id='word_1_342' title='bbox 302 3960 388 4014; x_wconf 81' lang='lat' dir='ltr'>Attio.</span> <span class='ocrx_word' id='word_1_343' title='bbox 407 3959 481 4026; x_wconf 83' lang='lat' dir='ltr'>XHI,</span> <span class='ocrx_word' id='word_1_344' title='bbox 500 3966 525 4014; x_wconf 78' lang='lat'>5.</span> <span class='ocrx_word' id='word_1_345' title='bbox 738 3960 875 4029; x_wconf 85' lang='lat' dir='ltr'>Abgange</span> <span class='ocrx_word' id='word_1_346' title='bbox 888 3960 968 4015; x_wconf 89' lang='lat' dir='ltr'>nicht</span> <span class='ocrx_word' id='word_1_347' title='bbox 982 3960 1045 4014; x_wconf 89' lang='lat' dir='ltr'>dem</span> <span class='ocrx_word' id='word_1_348' title='bbox 1055 3959 1230 4015; x_wconf 84' lang='lat' dir='ltr'>Mandrocles</span> <span class='ocrx_word' id='word_1_349' title='bbox 1244 3960 1299 4015; x_wconf 89' lang='lat' dir='ltr'>den</span> <span class='ocrx_word' id='word_1_350' title='bbox 1418 4023 1423 4037; x_wconf 36' lang='grc' dir='ltr'>Ι</span> 
     </span>
    </p>
   </div>
   <div class='ocr_carea' id='block_1_6' title="bbox 124 4029 1298 4315">
    <p class='ocr_par' dir='ltr' id='par_1_8' title="bbox 124 4029 1298 4315">
     <span class='ocr_line' id='line_1_43' title="bbox 163 4029 1103 4102; baseline 0.004 -18"><span class='ocrx_word' id='word_1_351' title='bbox 163 4030 196 4098; x_wconf 90' lang='lat'>¹⁰)</span> <span class='ocrx_word' id='word_1_352' title='bbox 215 4031 253 4084; x_wconf 83' lang='lat' dir='ltr'>Es</span> <span class='ocrx_word' id='word_1_353' title='bbox 280 4030 318 4084; x_wconf 89' lang='lat' dir='ltr'>ist</span> <span class='ocrx_word' id='word_1_354' title='bbox 343 4032 394 4085; x_wconf 82' lang='lat' dir='ltr'>das</span> <span class='ocrx_word' id='word_1_355' title='bbox 420 4030 466 4085; x_wconf 89' lang='lat' dir='ltr'>dic</span> <span class='ocrx_word' id='word_1_356' title='bbox 488 4029 591 4100; x_wconf 91' lang='lat' dir='ltr'>Iphicr.</span> <span class='ocrx_word' id='word_1_357' title='bbox 610 4030 648 4099; x_wconf 84' lang='lat'>11,</span> <span class='ocrx_word' id='word_1_358' title='bbox 668 4036 685 4084; x_wconf 78' lang='lat'>4</span> <span class='ocrx_word' id='word_1_359' title='bbox 739 4030 906 4086; x_wconf 83' lang='lat' dir='ltr'>Oberbefehl</span> <span class='ocrx_word' id='word_1_360' title='bbox 923 4030 1103 4102; x_wconf 78' lang='lat' dir='ltr'>fibertragen.</span> 
     </span>
     <span class='ocr_line' id='line_1_44' title="bbox 125 4101 686 4171; baseline 0 -17"><span class='ocrx_word' id='word_1_361' title='bbox 125 4101 269 4157; x_wconf 74' lang='grc'><strong>1111111111</strong></span> <span class='ocrx_word' id='word_1_362' title='bbox 291 4101 422 4170; x_wconf 79' lang='lat' dir='ltr'>Rtistung</span> <span class='ocrx_word' id='word_1_363' title='bbox 444 4102 532 4171; x_wconf 85' lang='grc'><strong>(111111</strong></span> <span class='ocrx_word' id='word_1_364' title='bbox 555 4103 620 4157; x_wconf 89' lang='lat' dir='ltr'>dort</span> <span class='ocrx_word' id='word_1_365' title='bbox 640 4101 686 4155; x_wconf 90' lang='lat' dir='ltr'>die</span> 
     </span>
     <span class='ocr_line' id='line_1_45' title="bbox 124 4169 1297 4296; baseline -0.002 -68"><span class='ocrx_word' id='word_1_366' title='bbox 124 4170 226 4240; x_wconf 84' lang='lat' dir='ltr'>Anm.).</span> <span class='ocrx_word' id='word_1_367' title='bbox 246 4172 316 4227; x_wconf 89' lang='lat' dir='ltr'>Was</span> <span class='ocrx_word' id='word_1_368' title='bbox 329 4171 391 4227; x_wconf 91' lang='lat' dir='ltr'>hier</span> <span class='ocrx_word' id='word_1_369' title='bbox 399 4171 494 4242; x_wconf 86' lang='lat' dir='ltr'>Nepos</span> <span class='ocrx_word' id='word_1_370' title='bbox 507 4172 537 4226; x_wconf 92' lang='lat' dir='ltr'>in</span> <span class='ocrx_word' id='word_1_371' title='bbox 551 4171 686 4227; x_wconf 84' lang='lat' dir='ltr'>falschem</span> <span class='ocrx_word' id='word_1_372' title='bbox 778 4171 811 4296; x_wconf 54' lang='lat'>¹?</span> <span class='ocrx_word' id='word_1_373' title='bbox 830 4172 886 4227; x_wconf 89' lang='lat' dir='ltr'>Der</span> <span class='ocrx_word' id='word_1_374' title='bbox 899 4171 981 4244; x_wconf 85' lang='lat' dir='ltr'>Konj.</span> <span class='ocrx_word' id='word_1_375' title='bbox 1000 4171 1166 4228; x_wconf 84' lang='lat' dir='ltr'>bezeichnet</span> <span class='ocrx_word' id='word_1_376' title='bbox 1179 4171 1234 4225; x_wconf 88' lang='lat' dir='ltr'>den</span> <span class='ocrx_word' id='word_1_377' title='bbox 1245 4169 1297 4226; x_wconf 91' lang='lat' dir='ltr'>Be·</span> 
     </span>
     <span class='ocr_line' id='line_1_46' title="bbox 124 4240 1298 4315; baseline 0.001 -20"><span class='ocrx_word' id='word_1_378' title='bbox 124 4240 382 4313; x_wconf 87' lang='lat' dir='ltr'>Zusammenhange</span> <span class='ocrx_word' id='word_1_379' title='bbox 397 4242 512 4311; x_wconf 81' lang='grc'><strong>11111111,</strong></span> <span class='ocrx_word' id='word_1_380' title='bbox 525 4243 599 4298; x_wconf 85' lang='grc'><strong>11111</strong></span> <span class='ocrx_word' id='word_1_381' title='bbox 612 4242 686 4297; x_wconf 85' lang='lat' dir='ltr'>nach</span> <span class='ocrx_word' id='word_1_382' title='bbox 774 4242 780 4253; x_wconf 83' lang='lat'>‘</span> <span class='ocrx_word' id='word_1_383' title='bbox 817 4242 847 4297; x_wconf 90' lang='grc'>11</span> <span class='ocrx_word' id='word_1_384' title='bbox 861 4242 952 4299; x_wconf 88' lang='grc'><strong>111111</strong></span> <span class='ocrx_word' id='word_1_385' title='bbox 964 4241 1193 4315; x_wconf 82' lang='lat' dir='ltr'>Allgemcinhcit,</span> <span class='ocrx_word' id='word_1_386' title='bbox 1206 4240 1298 4296; x_wconf 91' lang='lat' dir='ltr'>nichts</span> 
     </span>
    </p>
   </div>
   <div class='ocr_carea' id='block_1_7' title="bbox 9 4310 1298 4385">
    <p class='ocr_par' dir='ltr' id='par_1_9' title="bbox 9 4310 1298 4385">
     <span class='ocr_line' id='line_1_47' title="bbox 9 4310 1298 4385; baseline -0.001 -18"><span class='ocrx_word' id='word_1_387' title='bbox 9 4380 11 4383; x_wconf 13' lang='grc' dir='ltr'><strong><em>ι</em></strong></span> <span class='ocrx_word' id='word_1_388' title='bbox 124 4310 159 4381; x_wconf 89' lang='lat' dir='ltr'>V,</span> <span class='ocrx_word' id='word_1_389' title='bbox 179 4321 194 4370; x_wconf 89' lang='grc'><strong>6</strong></span> <span class='ocrx_word' id='word_1_390' title='bbox 213 4315 287 4370; x_wconf 90' lang='lat' dir='ltr'>noch</span> <span class='ocrx_word' id='word_1_391' title='bbox 305 4313 510 4370; x_wconf 77' lang='grc'><strong>1111111378</strong></span> <span class='ocrx_word' id='word_1_392' title='bbox 527 4314 685 4383; x_wconf 84' lang='lat' dir='ltr'>geschchen</span> <span class='ocrx_word' id='word_1_393' title='bbox 764 4314 932 4385; x_wconf 89' lang='lat' dir='ltr'>estimmtes,</span> <span class='ocrx_word' id='word_1_394' title='bbox 957 4315 1109 4371; x_wconf 83' lang='lat' dir='ltr'>Einzelnes.</span> <span class='ocrx_word' id='word_1_395' title='bbox 1156 4317 1236 4368; x_wconf 89' lang='lat' dir='ltr'>Anm.</span> <span class='ocrx_word' id='word_1_396' title='bbox 1265 4324 1298 4366; x_wconf 83' lang='lat' dir='ltr'>zu</span> 
     </span>
    </p>
   </div>
   <div class='ocr_carea' id='block_1_8' title="bbox 126 4385 916 4456">
    <p class='ocr_par' dir='ltr' id='par_1_10' title="bbox 126 4385 916 4456">
     <span class='ocr_line' id='line_1_48' title="bbox 126 4385 916 4456; baseline 0.008 -20"><span class='ocrx_word' id='word_1_397' title='bbox 126 4385 192 4441; x_wconf 82' lang='lat' dir='ltr'>sein.</span> <span class='ocrx_word' id='word_1_398' title='bbox 227 4386 309 4440; x_wconf 88' lang='lat' dir='ltr'>Dcnn</span> <span class='ocrx_word' id='word_1_399' title='bbox 326 4403 408 4442; x_wconf 86' lang='lat' dir='ltr'>wcnn</span> <span class='ocrx_word' id='word_1_400' title='bbox 425 4385 579 4456; x_wconf 86' lang='lat' dir='ltr'>Iphicrates</span> <span class='ocrx_word' id='word_1_401' title='bbox 599 4386 685 4441; x_wconf 88' lang='lat' dir='ltr'>schon</span> <span class='ocrx_word' id='word_1_402' title='bbox 737 4385 828 4440; x_wconf 89' lang='lat' dir='ltr'>Alcib.</span> <span class='ocrx_word' id='word_1_403' title='bbox 847 4385 872 4454; x_wconf 93' lang='lat' dir='ltr'>I,</span> <span class='ocrx_word' id='word_1_404' title='bbox 891 4393 916 4442; x_wconf 84' lang='lat'>3.</span> 
     </span>
    </p>
   </div>
   <div class='ocr_carea' id='block_1_9' title="bbox 0 0 1518 4908">
    <p class='ocr_par' dir='ltr' id='par_1_11' title="bbox 0 0 1518 4908">
     <span class='ocr_line' id='line_1_49' title="bbox 0 0 1518 4908; baseline 0 1"><span class='ocrx_word' id='word_1_405' title='bbox 0 0 1518 4908; x_wconf 95' lang='lat' dir='ltr'> </span> 
     </span>
    </p>
   </div>
  </div>
 </body>
</html>
