3028 4908
230 190 273 254 48
617 189 690 245 XIV.
722 189 906 245 DAMATES.
931 194 1008 245 7-9.

229 357 352 438 tatum,
383 354 416 418 id
449 353 489 417 ad
522 354 659 418 salutem
692 352 858 417 convertit
905 350 975 429 Quo
1009 374 1112 436 neque
1145 352 1271 417 acutius
1303 353 1404 418 ullius

230 443 436 528 imperatoris
459 442 639 527 cogitatum
661 463 762 543 neque
788 442 923 543 celerius
946 441 1076 543 factum·
1092 463 1229 564 usquam
1253 442 1405 543 legimus.

198 547 212 595 1
320 530 392 596 VH.
426 531 477 595 Ab
500 530 563 595 hoc
590 535 700 594 tamen
722 551 791 594 viro
817 528 964 615 Sysmas,
990 525 1404 616 max1m01)natufi11us,

232 620 346 685 desciit
373 619 414 683 ad
441 640 612 704 regemque
643 619 777 682 transiit
803 623 836 681 et
863 619 902 683 de
929 618 1113 703 defectione
1144 619 1248 702 patris
1277 619 1404 687 detulit

233 709 303 787 Quo
326 708 442 774 nuntio
466 708 661 773 Artaxerxes
685 710 876 790 commotus,
903 707 988 792 quod
1011 707 1224 790 intellegebat
1243 707 1306 771 sibi
1330 729 1404 774 cum

231 799 301 861 viro
321 796 399 861 forti
418 818 455 861 ac
475 800 606 862 strenuo
625 797 790 880 negotium
810 817 890 881 esse,
907 797 963 879 qui
982 799 1014 859 et
1032 797 1122 879 prius
1141 797 1285 881 cogitare
1305 819 1403 881 quam

232 885 342 950 conari
360 888 547 950 consuesset
566 889 608 970 et,
632 907 704 949 cum
723 885 910 969 cogitasset,
933 884 1038 949 facere
1057 884 1198 969 auderet,
1213 885 1404 969 Autophro-

196 969 387 1127 2datem²2
410 974 445 1038 in
464 971 702 1057 Cappadociam
726 973 836 1037 mittit.
877 973 909 1038 Is
928 994 969 1056 ne
993 973 1113 1038 intrare
1131 976 1252 1057 posset,
1271 975 1404 1060 saltum,

229 1063 264 1125 in
282 1084 345 1147 quo
388 1063 491 1128 iliciae
511 1068 623 1146 portae
643 1066 719 1127 sunt
737 1063 828 1145 sitae,
844 1061 998 1126 Datames
1012 1083 1248 1146 praeoccupare
1268 1063 1403 1128 studuit

195 1166 211 1214 a
231 1149 293 1216 Sed
316 1155 385 1215 tam
413 1153 520 1216 subito
544 1152 656 1236 copias
680 1150 871 1215 contrahere
899 1172 965 1215 non
988 1150 1104 1233 potuit.
1149 1149 1263 1235 Itaque
1285 1151 1345 1219 illa
1367 1174 1403 1217 10

231 1239 382 1325 depulsus
405 1262 478 1305 cum
498 1261 536 1305 ea
553 1262 661 1323 manu,
680 1261 778 1323 quam
797 1242 1011 1323 contraxerat,
1031 1238 1138 1303 locum
1158 1239 1273 1323 deligit
1291 1240 1403 1325 talem,

231 1333 267 1392 ut
286 1351 391 1413 neque
405 1329 628 1394 circumiretur
643 1328 682 1392 ab
697 1328 849 1393 hostibus
863 1349 968 1412 neque
982 1327 1173 1411 praeteriret
1187 1328 1403 1412 adversarius,

230 1417 308 1501 quin
337 1418 472 1502 ancipiti
498 1417 563 1481 illis
590 1417 670 1482 locis
700 1417 843 1500 periculo
875 1419 1086 1501 premeretur,
1115 1420 1160 1497 et,
1187 1417 1215 1481 si
1248 1416 1402 1483 dimicare

231 1528 339 1570 secum
371 1508 482 1590 vellet,
514 1528 581 1571 non
611 1507 750 1570 multum
787 1506 900 1570 obesse
936 1504 1111 1570 multitudo
1148 1504 1289 1570 hostium
1323 1529 1402 1572 suae

196 1598 535 1748 lpaucqqqlpofisaeetc
567 1683 629 1746 etsi
660 1681 925 1769 Autophrodates
961 1680 1105 1764 videbat,
1141 1684 1250 1746 tamen
1289 1684 1403 1748 statim

230 1772 346 1836 maluit
368 1771 522 1856 congredi
545 1793 642 1854 quam
664 1793 737 1835 cum
758 1771 860 1835 tantis
884 1771 985 1854 copiis
1009 1770 1155 1855 refugere
1179 1780 1235 1835 aut
1258 1771 1311 1835 diu
1334 1794 1401 1838 uno

195 1860 300 1924 aloco
331 1860 449 1923 sedere.
497 1858 652 1923 Habebat
680 1859 892 1924 barbarorum
921 1858 1065 1943 equitum
1093 1858 1223 1943 viginti,
1257 1859 1402 1943 peditum

230 1950 358 2013 centum
389 1947 493 2032 milia,
520 1951 687 2032 praeterea
715 1969 825 2012 eorum
853 1969 933 2032 quos
964 1947 1013 2012 1111
1040 1946 1192 2012 cardacas
1226 1950 1402 2034 appellant,

230 2059 270 2099 ex
292 2036 421 2119 populis
445 2036 557 2100 liberis
581 2033 873 2123 conductorum2⁸),
900 2037 964 2102 tria
986 2035 1089 2119 milia,
1113 2037 1193 2101 levis
1217 2042 1402 2104 armaturae

194 2125 405 2188 amaximum
425 2146 603 2191 numerum.
639 2124 708 2190 Has
728 2126 881 2190 adversus
900 2126 1010 2210 copias
1030 2146 1103 2208 spes
1123 2126 1227 2190 omnis
1247 2127 1402 2191 consiste-

230 2214 287 2277 bat
301 2212 432 2278 Datami
450 2213 485 2278 in
505 2235 539 2277 se
556 2214 683 2297 locique
701 2220 834 2279 natura:
853 2235 993 2298 namque
1012 2214 1101 2278 illius
1120 2214 1260 2278 militum
1275 2220 1403 2298 partem

228 2324 295 2366 non
313 2302 456 2368 habebat
474 2303 670 2368 vicesimam.
706 2303 831 2380 Quibus
844 2302 946 2367 frctus
965 2302 1110 2367 conflixit
1130 2302 1402 2368 adversariorum-

230 2413 290 2476 que
313 2392 417 2455 multa
440 2391 531 2457 milia
554 2391 704 2475 concidit,
727 2414 800 2457 cum
820 2392 858 2456 de
881 2393 984 2476 ipsius
1008 2392 1148 2455 exercitu
1171 2413 1239 2457 non
1259 2391 1401 2475 amplius

229 2480 377 2545 homines
400 2480 489 2545 mille
513 2481 712 2546 cecidissent.
759 2479 862 2558 Quam
886 2480 927 2544 ob
952 2500 1083 2544 causam
1106 2483 1237 2562 postero
1262 2481 1313 2544 die
1336 2485 1403 2546 tro·

194 2581 211 2629 4
229 2591 347 2653 pacum
365 2571 485 2652 posuit,
504 2591 567 2655 quo
585 2570 656 2635 loco
675 2570 779 2654 pridie
793 2573 973 2654 pugnatum
993 2572 1071 2633 erat.
1108 2567 1187 2632 Inde
1204 2590 1277 2633 cum
1295 2573 1404 2634 castra

229 2658 384 2723 movisset
406 2679 610 2743 semperque,
634 2658 768 2724 inferior
791 2658 903 2742 copiis,
927 2658 1073 2741 superior
1096 2658 1245 2722 omnibus
1269 2658 1403 2741 proeliis

230 2746 421 2823 discederet,
445 2747 531 2830 quod
552 2769 731 2832 numquam
754 2769 887 2811 manum
911 2742 1141 2833 consereretu)
1163 2748 1228 2811 nisi
1251 2768 1324 2811 cum
1349 2747 1401 2811 ad·

229 2834 388 2898 versarios
416 2835 560 2899 locorum
588 2837 748 2917 angustiis
772 2835 955 2920 clausisset,
982 2835 1067 2918 quod
1096 2836 1200 2919 perito
1229 2836 1402 2920 regionum

194 2922 409 3006 toallideque
437 2922 595 3007 cogitanti
623 2944 718 3006 saepe
745 2923 923 3007 accidebat,
946 2922 1223 3005 Autophrodates,
1246 2922 1303 2986 ubi
1327 2925 1402 2990 duci

229 3011 350 3075 bellum
377 3010 500 3075 maiore
527 3011 615 3094 regis
642 3012 827 3076 calamitate
851 3032 948 3095 quam
978 3010 1236 3074 adversariorum
1258 3010 1402 3097 videbat,

228 3098 400 3164 Datamem
422 3098 573 3164 hortatus
598 3103 657 3184 est,
679 3104 716 3164 ut
740 3121 814 3164 cum
836 3120 912 3184 rege
935 3099 969 3162 in
993 3098 1134 3182 gratiam
1159 3098 1401 3185 amicitiamque

193 3188 356 3252 crediret.
401 3187 506 3264 Quam
533 3188 589 3252 ille
617 3189 679 3253 etsi
705 3189 803 3253 fidam
830 3210 896 3253 non
918 3188 986 3252 fore
1011 3187 1161 3271 putabat,
1191 3192 1301 3252 tamen
1325 3210 1400 3254 con·

228 3276 386 3341 dicionem
409 3278 534 3360 accepit
552 3299 649 3361 seque
674 3278 713 3342 ad
732 3276 944 3342 Artaxerxem
963 3277 1089 3362 legatos
1111 3278 1287 3341 missurum
1309 3277 1400 3343 dixit

229 3363 281 3431 Sic
304 3365 440 3450 bellum,
467 3365 552 3449 quod
575 3387 631 3430 rex
654 3365 808 3431 adversus
828 3365 1000 3431 Datamem
1023 3369 1221 3449 susceperat,
1249 3366 1399 3431 sedatum

229 3459 287 3520 est.
333 3454 598 3538 Autophrodates
620 3455 655 3518 in
677 3451 902 3542 Phrygiam²⁵)
925 3477 959 3519 se
981 3455 1112 3538 recepit.

196 3556 212 3604 1·
317 3542 374 3610 IX.
397 3544 444 3608 At
461 3565 526 3628 rex,
546 3565 641 3628 quem
659 3543 865 3628 implacabile
884 3543 995 3609 odium
1015 3543 1051 3607 in
1069 3543 1241 3608 Datamem
1261 3547 1399 3627 ceperat,

228 3636 400 3717 postquam
423 3633 511 3698 bello
540 3655 614 3697 eum
637 3633 775 3717 opprimi
797 3655 864 3698 non
887 3653 982 3717 posse
1006 3630 1248 3716 animadvertit,
1270 3631 1399 3699 insidiis

267 3787 301 3857 ²¹)
319 3787 384 3858 Vgl.
404 3788 485 3843 Paus.
502 3789 571 3860 V,3
595 3806 698 3858 magno
716 3790 786 3845 natu
839 3787 920 3858 Konj.
953 3787 1100 3844 clausisset
1136 3788 1212 3843 siche
1250 3788 1333 3842 Anm.
1365 3805 1400 3847 zu

229 3858 301 3911 statt
309 3859 444 3927 grandem
454 3862 531 3915 natu.
546 3859 656 3916 Ebenso
664 3860 785 3916 Timoth.
838 3859 929 3915 Alcib.
949 3859 970 3927 1,
988 3865 1014 3913 3.

229 3928 310 3996 ΙΠ,1.
329 3927 787 3986 DerfiblichcreAusdruckflndet
877 3930 914 3999 ²⁶)
932 3929 1072 3999 Phrygien
1088 3929 1198 3986 scheint
1212 3930 1285 4000 jetat
1298 3930 1352 3984 mit
1366 3948 1400 3984 zu

229 3999 290 4054 sich
313 3999 409 4056 Them.
428 4001 467 4068 11,
486 4007 511 4056 8.
548 4002 670 4058 Timoth
689 4002 741 4071 111,
761 4007 786 4059 4.
840 4002 931 4055 seiner
955 4001 1084 4084 Satrapie
1109 4001 1210 4071 gehdrt
1235 4019 1269 4082 aa
1296 4001 1401 4069 haben,

229 4070 579 4210 ’1111001
600 4150 624 4198 1.
840 4070 1401 4214 reiteratumtatur

267 4212 302 4282 ”)
321 4214 481 4284 Erkltrung
497 4233 531 4268 zu
549 4219 691 4279 cardacas.
841 4213 920 4269 loten
942 4215 1000 4268 und
1017 4214 1047 4268 in
1072 4213 1127 4268 den
1149 4213 1315 4284 pontischen
1333 4211 1401 4268 Pro-

266 4283 301 4354 24)
319 4284 466 4354 DerKonj.
476 4287 553 4341 steht
566 4287 618 4341 mit
627 4288 710 4340 unter
724 4286 788 4339 dem
841 4287 940 4340 vinzen
958 4284 1047 4340 seines
1061 4285 1161 4340 Vaters
1174 4283 1334 4341 Aufnahme
1353 4302 1401 4354 ga·

229 4354 366 4411 Einflusse
403 4373 458 4411 von
496 4373 567 4412 cum.
621 4344 697 4412 liber
733 4356 789 4411 den
840 4356 946 4411 funden
963 4357 1051 4412 hatte.
