3028 4908
187 178 230 243 58
390 177 464 234 XVI.
496 176 707 232 PELOPIDAS.
730 181 756 230 5.
792 175 879 231 XVII.
897 172 1109 256 lassulus,
1133 179 1157 229 1.

152 356 169 405 6
189 340 348 406 Omnibus
371 342 541 424 praeterea
567 339 636 403 eius
659 337 812 421 periculis
836 336 948 402 adfuit.
994 333 1086 402 Sicut
1109 334 1261 421 Spartam
1288 359 1362 404 cum

188 426 445 515 oppugnavit¹³)‚
468 428 538 512 ipse
558 428 695 492 alterum
717 427 823 491 166611
841 447 950 509 cornu,
973 445 1101 509 quoque
1119 424 1201 491 Mes·
1222 426 1265 508 [a.
1280 427 1361 509 370]

188 540 265 583 6666
294 519 335 583 ab
364 517 421 581 illo
448 516 602 581 restituta
623 515 727 580 tutior
749 518 848 599 esset,
874 514 1003 598 legatus
1025 512 1060 578 in
1082 513 1202 580 Persas
1223 516 1264 594 [a
1280 515 1360 598 367]

187 612 238 672 661
264 606 437 691 profectus.
482 604 630 688 Denique
657 604 737 669 haec
767 603 830 668 tuit
853 602 956 667 altera
978 622 1118 686 persona
1140 602 1278 687 Thebis,
1306 607 1362 669 aed

186 698 297 760 tamen
320 695 377 777 ita,
399 697 436 757 61
457 694 607 776 proxima
629 694 715 757 esset
737 691 991 776 Epaminondae.

152 799 166 846 1
275 780 315 847 V.
353 780 566 846 Conflictatus
594 785 702 846 autem
730 786 781 844 est
803 780 903 845 etiam
926 778 1061 844 adversa
1087 777 1229 844 fortuna.
1273 780 1363 846 Nam

188 875 221 936 et
242 870 351 954 initio,
374 870 458 935 sicut
481 869 694 952 ostendimus,
717 869 808 933 exsul
830 869 939 954 patria
961 868 1066 932 caruit
1088 869 1135 953 et,
1162 889 1236 933 curn
1260 868 1362 935 Thes-

188 959 304 1024 saliam
331 959 367 1024 in
398 962 594 1043 potestatem
621 957 850 1022 Thebanorum
882 960 1013 1040 cuperet
1044 953 1236 1042 rediga-01⁴)
1271 957 1362 1042 1636·

186 1047 349 1131 tionisque
372 1048 440 1111 iure
464 1048 543 1113 satis
566 1050 687 1111 tectum
711 1066 745 1110 66
764 1046 986 1127 arbitraretur,
1009 1043 1096 1128 quod
1114 1044 1201 1128 apud
1220 1048 1263 1126 [a.
1278 1046 1359 1129 368]

186 1138 451 1290 {hurih
468 1131 1362 1306 111611613111161111613112

152 1316 246 1378 6661.
290 1313 507 1397 Recuperavit
534 1334 607 1377 eum
635 1312 721 1376 bello
749 1331 945 1396 persequens
967 1308 1189 1374 Alexandrum
1218 1313 1259 1392 [6.
1279 1311 1361 1393 367]

186 1400 438 1486 Epaminondas.
472 1400 554 1466 Post
575 1400 609 1465 id
626 1399 753 1502 'facturn
775 1420 953 1483 numquam
977 1397 1090 1501 animo·
1104 1398 1229 1483 placari
1252 1402 1364 1500 potuit

185 1511 337 1643 toth
354 1487 1108 1661 t.utstt.ltltr.⁸.·..trt;.ertil
1125 1485 1364 1659 11611161]

151 1667 393 1751 sexpellerent.
439 1665 539 1732 (16166
568 1666 646 1730 belli
669 1687 742 1730 cum
765 1666 795 1730 ei
818 1686 945 1729 summa
967 1669 1053 1730 esset
1076 1664 1196 1747 delata,
1224 1686 1263 1729 eo
1287 1688 1362 1731 cum

187 1757 327 1820 exercitu
355 1754 519 1840 profectus
547 1752 812 1838 aununtiavit,
840 1753 937 1818 simul
965 1774 1002 1818 ac
1025 1753 1194 1835 conspexit
1221 1752 1364 1838 hostem,

150 1843 368 1926 4666613666.
414 1842 454 1906 16
480 1864 544 1927 quo
574 1841 698 1925 proelio
725 1840 950 1906 Alexandrum
976 1845 1015 1906 61
1041 1841 1283 1925 animadvertit,
1311 1843 1364 1908 ira

186 1932 338 1995 incensus
361 1951 477 2014 equum
505 1931 538 1995 in
563 1951 636 1994 eum
660 1929 837 1995 concitavit
857 1930 1032 2014 proculque
1063 1930 1226 2014 digressus
1250 1932 1363 1996 66616

187 2018 334 2083 coniectu
351 2019 489 2083 talorum
509 2018 678 2085 confossus
697 2018 845 2084 concidit
882 2018 990 2102 Atque
1014 2017 1154 2083 secunda
1171 2018 1206 2082 id
1223 2019 1364 2085 victoria

151 2107 319 2172 caecidit:
351 2129 426 2172 nam
458 2107 525 2172 166
552 2107 725 2172 inclinatae
758 2111 850 2172 erant
877 2111 1092 2190 tyrannorum
1119 2107 1240 2193 copiae.
1288 2107 1361 2185 Quo

187 2195 275 2260 facto
296 2216 409 2261 omnes
427 2194 616 2261 Thessaliae
634 2194 783 2261 civitates
801 2195 1006 2261 interfectum
1022 2194 1211 2279 Pelopidam
1231 2198 1361 2262 coronis

187 2286 293 2350 aureis
321 2288 355 2349 et
377 2285 495 2350 statuis
518 2285 627 2350 atheis
651 2283 834 2367 liberosque
862 2284 931 2348 eius
954 2285 1057 2349 multo
1083 2302 1163 2367 agro
1186 2284 1362 2351 donarunt.

556 2623 668 2696 XVII.
714 2622 991 2697 AGESILAUS.

154 2778 167 2827 1
276 2761 301 2826 I.
337 2759 511 2848 Agesilaus
539 2761 812 2827 Lacedaemonius
846 2783 918 2827 cum
951 2784 970 2826 a
998 2762 1111 2828 ceteris
1139 2762 1366 2849 scriptoribus,

186 2853 258 2915 tum
281 2849 395 2913 eximie
420 2871 439 2914 a
460 2849 677 2933 Xenophonte
701 2848 866 2916 Socratico
890 2851 1092 2915 collaudatus
1116 2854 1179 2916 est:
1206 2873 1244 2916 eo
1274 2852 1364 2917 enim

152 2954 168 3002 2
187 2959 266 3002 usus
289 2939 340 3001 est
361 2935 622 3002 familiarissime.
662 2937 808 3002 Primum
831 2960 904 3003 cum
922 2938 1131 3023 Leotychide,
1154 2938 1265 3004 fratris
1283 2939 1364 3026 filio,

186 3026 225 3091 de
248 3046 349 3111 regno
373 3026 490 3091 habuit
513 3026 763 3091 contentionem.
809 3025 881 3091 Mos
906 3026 1116 3113 animarat1)
1140 3050 1159 3093 a
1183 3029 1363 3095 maioribus

186 3113 450 3179 Lacedaemoniis
468 3114 616 3200 traditus,
635 3117 672 3179 ut
686 3115 766 3180 duos
786 3137 913 3199 semper
928 3116 1086 3181 haberent
1103 3117 1233 3181 nomine
1252 3118 1363 3202 magis

185 3224 283 3287 quam
301 3203 440 3287 imperio
458 3225 562 3290 reges,
585 3225 624 3269 ex
643 3203 768 3269 duabus
787 3203 919 3269 familiis
937 3203 1062 3270 Proclis
1081 3208 1115 3270 et
1132 3203 1361 3291 Eurysthenis,

185 3292 242 3375 qui
274 3291 439 3376 principes
476 3314 514 3357 ex
546 3292 700 3376 progenie
732 3291 883 3358 Herculis
921 3290 1056 3376 Spartae
1092 3313 1184 3378 reges
1220 3294 1361 3362 fuerant.

148 3379 311 3446 sHorum
338 3402 378 3445 ex
407 3382 512 3445 altera
538 3380 572 3444 in
600 3380 734 3445 alterius
756 3380 902 3446 familiae
931 3383 1038 3446 locum
1065 3402 1175 3467 regem
1198 3383 1270 3447 fieri
1291 3405 1361 3448 non

224 3555 257 3623 11)
281 3554 370 3610 116166
397 3553 650 3624 Ζ6116661166ι663
682 3571 744 3608 666
796 3554 904 3625 jungeri
931 3554 1078 3625 Philippus
1110 3554 1153 3610 616
1184 3555 1280 3611 Geisel
1310 3558 1365 3613 mit

184 3625 367 3696 Hauptsatre.
426 3626 611 3696 Oppugnaret
650 3625 746 3679 66616
798 3627 872 3681 nach
891 3626 1007 3681 Theben
1024 3626 1169 3695 gebracht,
1193 3626 1263 3698 3163
1287 3627 1364 3683 (1666

185 3697 313 3777 66316166
345 3697 391 3753 616
420 3697 552 3752 16666166
581 3694 746 3751 7616111616
800 3696 905 3752 wieder
936 3702 989 3752 368
1021 3695 1066 3751 616
1098 3696 1255 3752 1166666161
1287 3700 1364 3755 nach

185 3767 324 3822 zwrachen
347 3766 450 3823 beiden
471 3766 661 3835 Handlungen
684 3784 745 3822 aus·
800 3767 985 3822 Macedonien
1016 3767 1074 3822 und
1105 3768 1201 3822 warde
1233 3767 1286 3823 auf
1314 3770 1364 3824 der

186 3836 319 3893 drhcken.
799 3837 951 3892 Rficlxkehr
975 3837 1006 3892 in
1028 3837 1194 3894 Thessalien
1221 3839 1364 3909 36166366

224 3906 258 3974 ¹⁴)
277 3905 315 3961 Er
340 3907 421 3963 hatte
447 3907 552 3964 bereita
580 3907 631 3962 661
655 3907 747 3964 61666
800 3924 975 3979 36666666

185 3978 332 4049 Heercuge
370 3995 462 4048 36366
496 3979 657 4034 Alexander
691 3996 747 4036 ron
840 3980 860 4049 ι)
884 3979 938 4033 Zur
959 3977 1022 4032 Ζ611
1046 3979 1096 4034 (166
1118 3981 1214 4050 Nepos
1241 3979 1365 4036 bestand

185 4049 277 4105 Pheru
299 4055 352 4106 169
375 4049 473 4104 (116666
510 4050 668 4120 6116661131
689 4050 747 4105 661
802 4048 880 4104 (11666
925 4047 1112 4121 6166661663
1153 4051 1234 4106 61661
1273 4054 1365 4107 mehr.

186 4120 232 4175 die
263 4067 590 4176 166666666666111616
622 4120 673 4175 661
700 4121 747 4176 die
801 4120 858 4176 Der
888 4119 975 4174 letrte
1005 4119 1101 4191 Κ6613
1132 4137 1183 4176 666
1213 4122 1278 4177 (166
1307 4123 1365 4179 He·

185 4192 371 4247 thebaniacha
399 4191 475 4246 Seite
507 4207 641 4262 3666366,
675 4190 749 4247 6666
801 4191 1045 4247 raclidanstamme
1093 4208 1152 4246 war
1198 4191 1363 4249 Cleomenes

186 4261 747 4332 alsGesandter'lhronstreitigheitenin
801 4260 863 4329 111„
900 4261 944 4316 bis
977 4280 1024 4317 rur
1056 4262 1191 4318 Schlacht
1224 4261 1272 4317 bei
1303 4263 1366 4319 Sel·

185 4332 369 4389 Macedonien
395 4332 585 4403 geschlichtet
608 4333 667 4388 und
693 4332 748 4389 (166
801 4332 874 4388 16616
892 4338 954 4388 221.
