3028 4908
588 231 621 287 X.
649 229 748 288 DION.
773 237 851 287 6-8.
1260 232 1304 297 35

131 393 404 475 adversariorum,
427 395 518 456 ratus
540 394 702 457 neminem
732 391 801 457 sine
825 393 954 478 magnis
982 394 1083 479 copiis
1106 395 1145 459 ad
1171 418 1204 459 se
1227 418 1301 461 veu-

129 487 255 548 turum:
274 503 355 567 quae
375 503 424 546 res
445 502 518 545 eum
536 482 662 547 fefellit.
694 480 780 546 Nam
799 482 886 547 Dion
905 484 1175 568 earumipsarum
1195 506 1301 569 opera,
1321 499 1339 548 5

130 573 186 657 qui
217 571 276 636 sub
300 570 478 635 adversarii
505 570 635 635 fueraut
657 574 835 655 potestate,
857 571 964 655 regios
988 573 1120 655 spiritus
1149 574 1303 657 repressit

129 661 295 745 totiusque
319 659 388 723 eius
411 658 516 743 partis
541 657 670 724 Siciliae
693 660 817 743 potitus
842 663 901 741 est,
924 682 1005 744 quae
1025 660 1184 745 Dionysio
1207 683 1301 745 paru·

131 752 211 832 erat,
229 749 363 833 parique
381 748 477 812 modo
493 748 582 812 urbis
598 745 829 832 Syracusarum
850 752 977 832 praeter
992 771 1098 814 arcem
1113 753 1145 813 et
1162 751 1302 814 insulam

131 838 319 903 adiunctam
347 836 480 919 oppido,
512 858 613 921 eoque
641 859 709 901 rem
731 837 894 922 perduxit,
921 840 959 901 ut
984 838 1035 902 his
1059 838 1337 906 condicionibusa

129 948 244 1010 pacem
267 929 427 1009 tyrannus
446 924 553 990 facere
573 926 685 991 vellet:
709 924 853 991 Siciliam
872 925 960 990 Dion
980 925 1150 1009 obtineret,
1172 926 1301 992 Italiam

129 1015 324 1099 Dionysius,
347 1013 524 1096 Syracusas
548 1011 834 1100 Apollocrates22),
857 1016 907 1079 cui
931 1016 1105 1079 maximam
1127 1015 1222 1079 fidem
1245 1017 1302 1080 uni

129 1104 283 1168 habebat.
320 1101 415 1166 Hunc
434 1106 552 1186 postea
570 1100 656 1167 Dion
674 1102 761 1168 fame
781 1106 968 1187 superatum
987 1126 1059 1169 cum
1078 1104 1145 1168 suis
1170 1104 1300 1184 [aaut]

128 1192 333 1262 incolumem,
350 1191 439 1255 abire
461 1212 576 1275 passus
600 1196 658 1255 est.

221 1279 279 1345 VI.
315 1278 384 1343 Has
407 1282 475 1342 tam
498 1300 670 1364 prosperas
694 1283 827 1364 tamque
850 1280 1035 1363 inopinatas
1058 1302 1110 1344 res
1131 1285 1336 1346 consecutur

133 1372 187 1434 est
220 1367 329 1434 subita
360 1367 582 1449 commutatio,
611 1368 694 1452 quod
726 1367 858 1432 fortuna
891 1391 949 1433 sua
980 1368 1175 1452 mobilitate,
1208 1392 1302 1453 quem

132 1458 234 1543 paulo
258 1462 333 1520 ante
358 1456 530 1538 extulerat,
553 1456 737 1542 demergere
761 1460 811 1521 est
834 1457 958 1522 adorta.
1002 1457 1147 1521 Primum
1170 1458 1204 1521 in
1227 1458 1338 1541 filio,2

132 1547 172 1610 de
202 1567 265 1629 quo
293 1546 546 1610 commemoravi
574 1567 683 1629 supra,
706 1546 771 1610 vim
801 1567 891 1610 suam
920 1547 1072 1612 exercuit.
1115 1544 1201 1611 Nam
1229 1568 1301 1611 cum

130 1657 266 1700 uxorem
294 1633 489 1716 reduxisset,
518 1655 600 1717 quae
629 1636 686 1699 alii
714 1635 819 1698 fuerat
845 1635 979 1718 tradita,
1006 1635 1170 1719 filiumque
1202 1635 1303 1700 vellet

130 1747 150 1788 a
179 1723 305 1807 perdita
332 1722 459 1786 luxuria
487 1722 528 1786 ad
555 1723 708 1787 virtutem
736 1744 900 1807 revocare,
923 1724 1047 1806 accepit
1071 1724 1300 1809 gravissimum

128 1833 248 1898 parens
281 1812 397 1876 vulnus
428 1814 533 1875 morte
565 1810 633 1875 filii.
682 1811 807 1876 Deinde
841 1815 912 1876 orta
944 1811 1103 1877 dissensio
1136 1817 1186 1876 est
1217 1813 1335 1878 intere

128 1903 237 1986 ipsum
261 1903 295 1964 et
317 1899 538 1982 Heraclidem,
561 1901 615 1984 qui
640 1901 725 1984 quod
748 1901 966 1985 principatum
990 1901 1040 1964 illi
1063 1922 1129 1965 non
1152 1901 1300 1966 concede

129 1991 201 2071 bat,
233 1989 408 2053 factionem
440 1988 503 2053 sibi
530 1986 784 2073 comparavitlil.
830 1988 942 2141 Neque
969 1990 997 2054 is
1029 1988 1136 2054 minus
1170 1990 1301 2054 valebat

130 2039 259 2231 opibus:
283 2099 359 2142 nam
378 2099 538 2142 consensu
558 2077 700 2142 civitatis
724 2083 872 2162 praeerat
891 2079 996 2180 classi,
1016 2099 1089 2143 cum
1107 2078 1193 2142 Dion
1212 2100 1299 2143 exer-

130 2165 176 2232 cit
176 2188 232 2230 um
257 2166 440 2251 pedestrem
467 2169 601 2230 teneret.
579 2164 721 2230 tNon
751 2166 828 2230 tulit
854 2167 917 2231 hoc
943 2168 1052 2231 animo
1080 2188 1181 2251 aequo
1204 2166 1335 2269 Dione

129 2258 164 2319 et
190 2277 316 2319 versum
345 2254 437 2319 illum
461 2253 595 2318 Homeri
618 2258 668 2318 ret
654 2255 747 2320 ttulit
732 2259 808 2320 tex
836 2254 976 2319 secunda
1004 2250 1238 2339 rhapsodiam),
1265 2256 1330 2319 in

128 2365 193 2429 quo
223 2344 302 2407 haec
331 2344 492 2408 sententia
522 2348 585 2406 est:
612 2365 678 2407 nou
706 2365 799 2427 posse
830 2344 909 2407 bene
938 2346 1007 2430 geri
1035 2366 1105 2407 rem
1135 2343 1299 2427 publicam

127 2433 332 2497 multorum'
323 2431 476 2516 imperiis.
510 2429 603 2506 Quod
622 2432 744 2497 dictum
763 2453 884 2534 magna
902 2432 1023 2496 invidia
1042 2435 1215 2496 consecuta
1233 2435 1291 2497 est:

127 2542 267 2605 namque
298 2520 463 2605 aperuisse
495 2520 663 2585 videbatur
691 2521 800 2585 omnia
830 2521 864 2584 in
893 2543 950 2585 sua
977 2523 1138 2604 potestate
1166 2541 1236 2584 esse
1265 2542 1299 2584 se

127 2610 219 2675 velle.
253 2607 348 2674 Hauc
370 2610 426 2673 ille
443 2631 507 2674 non
531 2609 633 2673 lenire
652 2609 815 2694 obsequio,
841 2609 896 2673 sed
921 2608 1097 2674 acerbitate
1118 2630 1298 2692 opprrmere
1317 2625 1333 2674 5

126 2698 263 2781 studuit,
278 2697 555 2782 Heraclidemque,
588 2719 661 2762 cum
681 2695 861 2782 Syracusas
879 2697 1028 2781 venisset,
1050 2697 1298 2762 interfluundum

126 2786 261 2852 curavit.

219 2873 290 2939 VH.
329 2873 421 2950 Quod
452 2875 575 2939 factum
608 2875 759 2940 omnibus
791 2876 967 2939 maximum
993 2876 1143 2939 timorem
1170 2875 1333 2942 iniecit:1

126 2986 225 3029 nemo
250 2964 336 3028 enim
362 2964 419 3028 illo
447 2963 620 3028 interfecto
644 2986 677 3029 se
705 2968 812 3029 tutum
839 2965 985 3048 putabat.
1029 2963 1089 3028 Ille
1113 2968 1220 3028 autem
1244 2965 1300 3029 ad·

127 3052 271 3118 versario
298 3057 424 3117 remoto
453 3053 605 3118 licentius
633 3075 743 3118 eorum
765 3054 865 3137 bona,
888 3075 968 3137 quos
996 3053 1118 3118 sciebat
1104 3052 1298 3117 atdversus

128 3163 162 3207 se
187 3141 334 3222 sensisse,
358 3141 427 3205 mili
429 3140 516 3206 tibus
540 3141 730 3225 dispertivit
763 3142 887 3218 Quibus
911 3142 1022 3206 divisis
1046 3163 1120 3206 cum
1143 3141 1332 3206 cotidiania

127 3230 260 3294 maximi
279 3230 393 3294 fierent
379 3233 567 3314 tsumptus,
587 3230 734 3295 celeriter
756 3231 895 3332 pecunia
913 3230 1024 3294 deesse
1047 3230 1162 3315 coepit,
1184 3252 1297 3332 neque,

133 3340 197 3403 quo
221 3341 336 3383 manus
358 3319 548 3403 porrigeret,
571 3320 764 3403 suppetebat
786 3320 850 3383 nisi
872 3319 906 3383 in
924 3320 1099 3384 amicorum
1122 3319 1299 3402 possessio·

129 3429 196 3472 nes.
233 3406 270 3472 Id
294 3408 363 3472 eius
385 3408 473 3471 modi
496 3410 575 3494 erat,
596 3412 641 3488 ut,
664 3429 737 3473 cum
760 3409 880 3473 milites
904 3408 967 3472 sibi
990 3407 1183 3490 conciliaret,
1206 3407 1297 3471 amit

125 3499 211 3560 teret
235 3496 416 3579 optimates.
463 3457 604 3570 Quarum
621 3518 731 3561 rerum
755 3519 831 3562 cura
853 3496 1027 3581 frangebat
1028 3517 1067 3560 ur
1090 3500 1122 3558 et
1108 3496 1294 3558 insuetus
1313 3512 1330 3559 3

125 3585 211 3649 male
240 3584 391 3650 audiendi
418 3606 484 3650 non
513 3586 621 3649 animo
650 3607 752 3670 aequo
779 3585 918 3667 ferebat,
946 3585 985 3648 de
1008 3605 1043 3647 se
1072 3582 1163 3647 ab”
1141 3605 1181 3647 ns
1211 3582 1296 3648 male

13 3718 14 3723 κ
126 3673 317 3756 existimari,
336 3696 472 3759 quorum
490 3674 589 3757 paulo
605 3675 708 3738 ante
699 3697 733 3738 ιιι
747 3675 871 3738 caelum
890 3673 998 3736 fuerat
1012 3671 1115 3735 elatus
1134 3670 1295 3736 laudibus.

12 3754 14 3781 ι
124 3759 252 3847 Vulgus
276 3725 384 3827 adtem
405 3762 559 3828 offensa
549 3784 674 3827 meum
693 3762 792 3826 etiam
815 3757 1001 3843 militum²⁶l
1025 3761 1173 3825 voluntat
1139 3761 1294 3825 atelibe-

123 3849 192 3915 rius
216 3851 411 3936 loquebatur
433 3855 664 3935 ettyrannum
686 3873 752 3916 non
775 3849 941 3914 ferendum
965 3849 1145 3914 dictitabat.

213 3938 304 4006 VIII.
341 3940 429 4005 Haec
459 3941 515 4005 ille
545 3940 674 4005 intuens
704 3961 776 4004 cum
807 3961 902 4023 quem
933 3937 973 4003 ad
1002 3938 1134 4003 modum
1167 3938 1328 4002 sedaretl

162 4113 198 4183 2l)
222 4114 299 4169 Sohn
317 4114 366 4169 des
384 4113 542 4183 Dionysius.
565 4112 604 4167 Er
621 4130 683 4169 ver·
737 4129 773 4166 an
786 4113 835 4168 der
851 4111 944 4182 Spitze
959 4112 1035 4167 einer
1049 4110 1293 4167 demolrratischen

125 4184 246 4256 taidigte
265 4185 311 4240 die
328 4187 411 4256 Burg.
735 4184 860 4308 Paffeiffi
909 4253 948 4323 Π
967 4260 1027 4309 204„

91 4312 95 4321 ⁸
162 4325 198 4397 ²³)
229 4325 303 4382 Dion
335 4326 417 4380 stand
448 4343 484 4380 an
516 4327 564 4381 der
590 4326 683 4396 Spitze
773 4258 807 4395 ἰι
834 4272 948 4379 Dddn
941 4326 1026 4379 ihnen
1053 4325 1158 4379 konnte
1183 4340 1213 4378 er
1235 4340 1293 4377 nun

125 4394 203 4453 einer
229 4397 489 4468 aristolrratisehen,
515 4396 682 4454 Heraklides
736 4398 828 4452 nichts
847 4398 926 4450 mehr
944 4395 1091 4451 schenken.

1042 4483 1080 4538 3*
