3028 4908
195 167 240 230 24
584 165 643 220 Vll.
670 162 894 221 ALCIBIADES.
917 168 982 218 6.'1.

198 330 254 414 qui
281 330 379 415 66616
409 330 485 392 6616
515 327 652 393 victores
681 328 866 413 viguerant,
897 325 1061 409 perterriti
1088 346 1202 408 pacem
1230 327 1273 406 [a.
1292 326 1381 406 410]

197 423 356 504 peterent.
401 416 491 481 Victi
514 417 600 480 enim
630 423 724 481 erant
751 415 971 499 compluribus
994 414 1126 498 proeliis
1154 414 1384 496 terrestribus,

197 507 305 571 tribus
332 505 519 585 navalibus,
548 504 665 589 quibus
697 505 850 569 ducentas
876 525 976 567 naves
1007 503 1155 566 triremes
1188 501 1382 585 amiserant,

199 616 282 680 quae
306 595 358 659 vel
387 594 552 658 demersae
577 597 671 657 erant
693 593 744 656 vel
774 595 887 676 captae
911 592 946 655 in
968 591 1111 656 bostium
1139 599 1294 654 venerant
1316 612 1380 674 66-

199 687 363 748 testatem.

165 789 179 836 1
289 770 346 836 VI.
388 769 574 834 Alcibiades
612 768 709 834 simul
741 790 814 833 eum
848 768 981 852 collegis
1012 771 1181 851 receperat
1191 764 1230 852 l⁶)
1260 765 1381 832 Ioniae

197 862 337 942 partem,
361 858 626 942 Hellespontum,
650 858 769 921 multas
792 861 959 940 praeterea
986 857 1082 920 urbes
1107 853 1262 936 Graecas,
1290 877 1379 939 quae

198 950 232 1011 in
262 970 320 1012 ora
349 948 430 1011 sitae
458 951 535 1011 sunt
558 946 751 1026 Thraeciae,
774 967 910 1028 quarum
934 948 1158 1028 expugnarant
1180 944 1379 1028 complures,

196 1037 232 1101 in
254 1036 306 1100 his
330 1034 538 1120 Byzantium,
559 1056 664 1118 neque
687 1034 794 1098 minus
818 1035 939 1098 multas
963 1033 1099 1098 consilio
1130 1031 1171 1096 ad
1195 1033 1378 1097 amicitiam

163 1143 179 1190 a
200 1125 422 1208 adiunxerant,
446 1124 532 1207 quod
555 1125 590 1188 in
608 1125 722 1208 captos
741 1122 913 1186 clementia
931 1122 1060 1186 fuerant
1077 1123 1137 1185 usi.
1163 1120 1216 1186 Ita
1240 1123 1282 1202 [6.
1291 1122 1375 1204 408]

199 1213 349 1278 1661111616
376 1215 473 1276 rebus
501 1213 604 1298 gestis
632 1212 752 1293 praeda
780 1211 889 1275 onusti
912 1211 1060 1274 Athenas
1083 1213 1248 1274 venerunt.
1295 1209 1378 1285 Qui-

198 1303 259 1367 bus
292 1324 365 1367 cum
397 1300 527 1366 obviam
560 1300 711 1365 universa
744 1300 859 1364 civitas
885 1299 921 1363 in
947 1297 1118 1363 Piraeeum
1148 1297 1377 1384 descendisset,

198 1395 291 1456 tanta
317 1390 382 1455 1611
409 1391 554 1455 66161616
583 1390 783 1474 exspectatio
806 1388 932 1453 visendi
954 1387 1148 1469 Alcibiadis,
1175 1391 1212 1450 ut
1239 1387 1376 1452 adeius

201 1480 367 1545 triremem
399 1479 515 1565 vulgus
549 1477 737 1559 conflueret,
769 1476 904 1560 proinde
932 1498 970 1540 66
998 1476 1026 1540 61
1058 1475 1147 1539 66166
1180 1474 1378 1544 advenisset.

165 1567 255 1634 3816
288 1569 375 1633 66116
402 1568 523 1651 666616
553 1570 623 1630 6161
653 1587 856 1649 persuasum,
884 1568 917 1628 et
945 1564 1098 1629 adversas
1127 1565 1309 1647 superiores
1343 1571 1378 1630 et

199 1659 387 1742 praesentes
411 1655 569 1738 secundas
592 1675 644 1718 166
664 1653 819 1718 accidisse
842 1653 930 1717 illius
953 1674 1061 1736 opera.
1098 1651 1211 1735 Itaque
1231 1656 1264 1716 61
1286 1675 1377 1717 61161-

200 1747 299 1811 eitum
323 1745 358 1808 in
378 1742 489 1807 Sicilia
512 1743 667 1807 amissum
687 1746 720 1806 61
739 1741 1068 1805 Lacedaemoniorum
1087 1741 1240 1805 victorias
1259 1742 1376 1824 culpae

202 1855 280 1898 6666
303 1831 502 1914 tribuebant,
526 1830 611 1914 quod
634 1829 735 1894 talem
752 1831 858 1894 virum
881 1852 898 1894 6
918 1830 1052 1894 civitate
1072 1828 1279 1913 expulissent.
1312 1828 1377 1894 Ne·

201 1942 262 2005 que
290 1919 322 1982 id
351 1919 420 1982 sine
448 1940 546 1983 causa
573 1918 727 1982 arbitrari
754 1917 957 1984 videbantur.
1003 1916 1090 1983 Nam
1117 1922 1294 2001 postquam
1317 1918 1375 1983 ille

201 2007 357 2074 exercitui
376 2028 524 2090 praeesse
539 2011 699 2090 coeperat,
713 2028 817 2090 neque
831 2011 919 2071 terra
932 2012 1036 2090 neque
1049 2007 1133 2070 mari
1150 2006 1263 2071 hostes
1278 2029 1375 2090 pares

164 2114 272 2162 46666
303 2099 489 2179 661661661.
534 2094 580 2160 Ut
610 2096 713 2181 igitur
743 2117 760 2160 e
791 2096 867 2160 navi
898 2117 1046 2180 egressus
1080 2099 1144 2178 est,
1176 2117 1375 2179 quamquam

200 2184 393 2268 Thrasyllus
422 2188 454 2248 61
477 2183 700 2269 Thrasybulus
722 2184 826 2248 isdem
849 2185 946 2248 rebus
973 2183 1184 2268 praefuerant
1214 2184 1374 2267 simulque

201 2277 356 2339 venerant
371 2274 405 2336 in
418 2271 598 2357 Piraeeum,
611 2278 723 2337 tamen
737 2295 837 2338 unum
851 2294 963 2337 omnes
978 2273 1073 2337 illum
1086 2272 1375 2355 prosequebantur,

201 2367 243 2446 61,
256 2363 288 2427 id
304 2361 390 2447 quod
404 2383 583 2445 numquam
598 2361 665 2425 1616
679 2365 775 2426 antea
789 2384 850 2425 usu
863 2364 997 2426 venerat
1009 2361 1073 2426 nisi
1088 2359 1259 2445 Olympiae
1273 2360 1375 2427 victo·

200 2452 301 2532 ribus,
316 2452 444 2517 coronis
459 2451 578 2515 laureis
593 2450 774 2534 taeniisque
788 2451 887 2534 vulgo
902 2450 1091 2515 donabatur.
1119 2449 1181 2513 llle
1199 2450 1375 2514 lacrimans

200 2541 303 2606 talem
334 2539 594 2605 benevolentiam
626 2539 745 2603 civium
778 2560 910 2604 suorum
937 2538 1131 2621 accipiebat,
1159 2538 1324 2602 reminisci
1335 2535 1375 2624 l⁷)

166 2628 333 2713 apristini
361 2628 517 2711 temporis
546 2628 766 2693 acerbitatem.
810 2626 991 2711 Postquam
1014 2628 1048 2690 in
1072 2630 1145 2691 astu
1168 2627 1271 2710 venit,
1299 2648 1375 2691 con·

201 2718 290 2783 tione
314 2715 472 2780 advocata
496 2717 542 2781 sic
559 2716 659 2780 verba
681 2716 768 2793 16611,
792 2721 942 2782 6166616
965 2719 1035 2780 1616
1052 2714 1140 2779 16166
1163 2715 1272 2797 166111,
1295 2717 1375 2799 quin

204 2806 271 2870 eius
296 2805 385 2868 casui
408 2803 614 2868 illacrimarit
637 2803 867 2887 inimicumque
888 2805 954 2868 illis
974 2826 1008 2868 se
1027 2804 1213 2885 ostenderit,
1236 2825 1376 2887 quorum

203 2914 302 2977 opera
329 2892 435 2975 patria
461 2891 575 2974 pulsus
598 2891 718 2972 fuerat,
746 2893 881 2976 proinde
905 2914 942 2957 66
966 2893 995 2957 61
1022 2892 1105 2957 61166
1128 2892 1281 2977 6666166,
1309 2914 1376 2956 666

167 2982 258 3045 61116
281 2981 361 3064 1666,
385 2979 440 3062 qui
462 2984 533 3043 tum
555 2979 662 3062 flebat,
686 3002 758 3044 6661
783 2980 945 3065 sacrilegii
968 2982 1165 3045 damnasset.
1210 2980 1375 3045 Restituta

203 3091 280 3154 ergo
300 3068 330 3132 61
353 3072 430 3132 6661
448 3067 575 3151 publice
594 3068 690 3153 bona,
713 3069 862 3154 idemque
880 3070 930 3134 illi
948 3069 1163 3155 Eumolpidae
1183 3069 1375 3150 sacerdotes,

203 3158 259 3241 qui
282 3179 356 3221 6616
380 3157 592 3240 devoverant,
614 3179 725 3221 rursus
750 3159 878 3241 expiare
903 3162 980 3222 sunt
1008 3159 1128 3238 coacti,
1155 3158 1285 3240 pilaque
1308 3158 1376 3242 illa,

202 3247 237 3309 in
260 3267 325 3330 qua
348 3244 478 3309 devotio
502 3245 608 3308 fuerat
631 3247 799 3329 inscripta,
822 3248 857 3310 in
879 3268 969 3310 mare
991 3246 1214 3329 praecipitata.

169 3353 183 3400 1
292 3332 366 3398 VII.
398 3331 488 3397 Haec
502 3333 666 3397 Alcibiadi
683 3334 812 3398 laetitia
825 3356 890 3399 non
904 3332 1003 3398 nimis
1017 3334 1079 3397 fuit
1093 3333 1254 3399 diuturna.
1287 3332 1375 3399 Nam

203 3445 277 3488 cnm
297 3422 327 3487 ei
346 3443 458 3487 omnes
478 3426 586 3485 666661
609 3421 749 3486 honores
769 3422 889 3486 decreti
911 3426 1046 3506 totaque
1066 3423 1268 3506 respublica
1287 3422 1375 3488 domi

203 3513 343 3597 bellique
361 3511 492 3592 tradita,
515 3514 552 3575 61
570 3509 666 3574 66166
685 3510 821 3575 arbitrio
841 3514 1017 3596 gereretur,
1036 3515 1069 3576 et
1087 3511 1158 3594 1666
1176 3511 1377 3594 postulasset

202 3606 239 3666 61
262 3601 325 3665 duo
350 3602 412 3665 sibi
436 3600 581 3686 collegae
604 3597 768 3682 darentur,
789 3622 893 3683 neque
915 3599 949 3663 id
971 3605 1128 3682 negatum
1152 3602 1248 3675 esset,
1270 3600 1375 3664 classe

201 3690 236 3752 in
260 3689 373 3753 Asiam
401 3688 582 3772 profectus,
609 3687 695 3771 quod
724 3689 809 3772 apud
836 3688 1004 3773 Ephesum
1032 3688 1138 3751 minus
1166 3710 1204 3752 611
1229 3688 1271 3769 [6.
1294 3688 1375 3769 407]

166 3776 365 3844 2666166116
392 3798 461 3840 1661
490 3782 649 3860 gesserat,
676 3778 710 3841 in
736 3776 892 3841 invidiam
920 3776 1051 3841 recidit:
1077 3776 1159 3840 nibil
1188 3777 1273 3840 enim
1302 3798 1376 3840 eum

201 3887 267 3929 non
296 3886 391 3947 posse
416 3863 542 3929 efficere
565 3864 735 3930 ducebant.
779 3863 916 3948 Exque
944 3865 1045 3929 fiebat
1068 3869 1105 3929 ut
1128 3866 1238 3929 omnia
1266 3865 1375 3929 minus

201 3975 356 4038 prospere
376 3956 469 4037 gesta
483 3953 597 4036 culpae
612 3954 681 4017 eius
699 3953 888 4035 tribuerent,
907 3974 979 4017 cum
994 3958 1051 4017 aut
1066 3950 1186 4040 eum1⁸)
1204 3954 1375 4038 neglegen-

240 4110 273 4180 ¹⁶)
291 4109 355 4165 Von
368 4108 431 4163 hier
444 4126 481 4164 an
494 4108 627 4164 beaiehen
641 4109 702 4165 sich
715 4108 762 4163 die
856 4108 888 4175 ¹²)
907 4108 988 4162 Anm.
1008 4126 1041 4162 aa
1059 4107 1139 4163 Eum.
1158 4107 1207 4176 IX,
1226 4113 1250 4162 1.

201 4181 381 4250 Plusquamp.
400 4180 481 4235 nicht
498 4180 579 4234 mehr
596 4181 648 4235 auf
662 4195 762 4251 pacem
855 4180 887 4250 18)
907 4177 959 4233 Die
982 4178 1192 4248 Einschiebung
1216 4178 1292 4234 eines
1315 4182 1377 4235 ton-

201 4253 331 4322 peterent
349 4254 439 4319 (410),
462 4252 582 4306 condem
605 4251 761 4306 661111116-
815 4250 894 4305 losen
915 4251 1086 4305 Pronomens
1109 4249 1205 4304 hinter
1227 4251 1305 4304 einer
1329 4253 1376 4306 be·

201 4339 252 4378 nas
272 4326 409 4378 venerunt
427 4325 500 4392 (408)
519 4321 566 4390 VI,
586 4328 611 4378 2.
815 4324 913 4376 tonten
935 4321 1063 4375 Partilrel
1085 4321 1154 4376 lasst
1176 4321 1235 4376 61611
1254 4320 1377 4377 vieltach
