3028 4908
196 226 240 291 92
626 227 789 284 A'I'I'ICUS.
813 233 935 286 18-15.

195 389 323 475 Namqe
351 390 387 455 in
415 413 454 455 ea
481 397 575 456 erant
602 393 718 476 optimi
748 396 781 456 et
809 395 1009 476 anagnostae
1036 397 1070 455 et
1098 390 1235 473 librarii,
1262 393 1299 454 ut
1324 412 1371 455 ne

196 480 390 565 pedisequus
414 479 543 563 quidem
567 481 737 565 quisquam
762 487 860 563 esset,
889 480 946 564 qui
966 502 1033 546 non
1054 483 1227 564 utrumque
1247 479 1369 544 horum

196 568 331 650 pulchre
353 569 461 634 facere
484 577 608 634 nosset:
637 570 710 654 pari
737 570 834 635 modo
857 569 996 634 artifices
1019 569 1131 651 ceteri,
1156 589 1236 652 quos
1260 567 1368 633 cultus

160 657 394 722 adomesticus
430 656 605 741 desiderat,
641 659 788 742 apprime
825 658 911 723 boni
965 656 1077 742 Neque
1108 661 1218 722 tamen
1254 678 1368 721 eorum

196 767 390 829 quemquam
412 746 477 810 nisi
499 746 588 811 domi
610 752 725 812 natum
747 748 898 832 domique
925 743 1097 832 factum³⁹)
1120 745 1246 810 habuit:
1279 745 1369 829 quod

196 837 247 897 est
265 835 396 917 signum
413 856 480 898 non
499 835 606 900 solum
624 836 854 919 continentiae,
867 835 924 900 sed
942 837 1041 900 etiam
1056 835 1253 920 diligentiae.
1279 831 1370 898 Nam

195 926 229 985 et
257 943 325 986 non
351 923 606 1007 intemperanter
633 925 873 1009 concupiscere,
903 924 991 1008 quod
1016 926 1052 989 in
1077 924 1226 1009 plurimis
1247 923 1370 1006 videas,

195 1011 393 1076 continentis
416 1013 514 1077 debet
535 1013 619 1099 duci,
641 1016 674 1078 et
696 1013 807 1098 potius
829 1013 990 1078 industria
1012 1035 1109 1098 quam
1127 1013 1230 1098 pretio
1253 1033 1370 1096 parare

160 1114 176 1163 5
195 1120 264 1163 non
282 1100 455 1166 mediocris
473 1105 523 1165 est
540 1102 738 1186 diligentiae.
778 1101 931 1187 Elegaus,
953 1124 1019 1168 non
1037 1102 1237 1188 magnificus,
1261 1101 1369 1183 splen-

195 1187 297 1273 didus,
321 1211 388 1255 non
406 1195 626 1274 sumptuosus,
645 1192 734 1256 omni
752 1190 923 1275 diligentia
941 1191 1145 1273 munditiam,
1162 1211 1229 1254 non
1248 1190 1369 1254 afluen-

195 1278 275 1341 tiam
299 1278 493 1344 adfectabat
529 1279 681 1365 Supellex
703 1279 838 1361 modica,
861 1281 955 1345 utin
977 1284 1125 1344 neutram
1143 1281 1268 1363 partem
1291 1300 1368 1344 con-

160 1383 176 1431 6
196 1363 324 1452 spici⁴⁰)
338 1372 460 1452 posset.
492 1367 561 1434 Nec
574 1369 770 1454 praeteribo,
784 1390 980 1453 quamquam
999 1367 1163 1434 nonnullis
1177 1368 1246 1432 leve
1261 1368 1368 1431 visum

194 1455 236 1518 iri
258 1458 454 1540 putaverim,
483 1480 557 1523 cum
578 1459 613 1522 in
636 1459 751 1542 primis
778 1459 888 1523 lautus
912 1461 999 1522 esset
1025 1478 1123 1542 equas
1146 1456 1311 1521 Romanus
1334 1460 1368 1521 et

193 1564 259 1608 non
282 1567 399 1630 parum
417 1546 598 1612 liberaliter
620 1547 752 1612 domum
770 1569 864 1612 suam
886 1546 1031 1611 omnium
1049 1545 1197 1610 ordinum
1218 1544 1369 1610 homines

193 1632 361 1717 invitaret,
390 1656 455 1700 non
479 1635 618 1719 amplius
642 1657 740 1719 quam
763 1638 857 1700 terna
880 1634 971 1698 milia
994 1631 1124 1720 aeris⁴¹)
1151 1654 1310 1718 peraeque
1332 1635 1369 1698 in

160 1721 342 1807 isingulos
376 1745 502 1788 menses
535 1745 609 1787 eum
642 1745 818 1807 expensum
851 1724 994 1806 sumptui
1024 1719 1190 1808 referress)
1224 1723 1369 1788 solitum.

155 1822 158 1829 ’
195 1811 302 1893 Atque
322 1811 383 1876 hoc
401 1833 468 1875 non
487 1812 642 1889 auditum,
656 1812 714 1876 sed
732 1812 899 1896 cognitum
913 1810 1149 1895 praedicamus:
1168 1832 1264 1896 saepe
1281 1813 1369 1876 enim

194 1903 329 1982 propter
351 1900 610 1964 familiaritatem
634 1899 819 1965 domesticis
842 1900 939 1964 rebus
961 1900 1176 1965 interfuimus.

160 2004 175 2051 1
283 1985 370 2052 XIV.
394 1984 499 2053 Nemo
521 1990 557 2052 in
580 1988 728 2054 convivio
753 1990 823 2054 eius
847 1988 936 2054 aliud
959 2011 1110 2055 acroama
1127 1988 1252 2053 audivit
1270 2009 1369 2071 quam

194 2082 405 2160 anagnosten,
423 2076 509 2160 quod
522 2099 582 2144 nos
600 2077 732 2162 quidem
749 2078 1020 2144 iucundissimum
1035 2078 1242 2142 arbitramur:
1263 2098 1368 2161 neque

193 2185 349 2248 umquam
377 2166 447 2230 sine
472 2166 581 2250 aliqua
607 2167 747 2233 lectione
776 2168 863 2250 apud
886 2188 959 2231 eum
983 2169 1131 2231 cenatum
1154 2170 1217 2250 ast,
1243 2171 1279 2230 ut
1300 2187 1368 2230 non

194 2252 301 2318 minus
334 2255 442 2319 animo
475 2277 573 2340 quam
605 2261 718 2321 ventre
750 2257 904 2322 convivae
941 2255 1192 2320 delectarentur:
1227 2276 1368 2337 namque

158 2360 249 2408 aeos
273 2344 422 2426 vocabat,
445 2365 583 2428 quorum
605 2367 713 2410 moras
737 2367 756 2409 a
779 2345 846 2410 suis
869 2365 937 2408 non
959 2343 1180 2409 abhorrerent.
1221 2340 1368 2426 Cumque

192 2434 284 2496 tanta
310 2432 466 2516 pecuniae
493 2433 583 2498 facta
609 2437 695 2499 esset
723 2434 879 2515 accessio,
905 2433 987 2497 nibil
1011 2432 1050 2497 de
1079 2432 1244 2497 cotidiano
1268 2432 1367 2514 cultu,

192 2519 276 2584 nihil
304 2521 343 2585 de
370 2522 459 2587 vitae
487 2522 719 2587 consuetudine
746 2522 899 2605 mutavit,
929 2524 1086 2606 tantaque
1114 2542 1191 2585 usus
1222 2524 1271 2585 est
1298 2542 1368 2584 mo·
1414 2528 1416 2539 '

194 2608 367 2691 derationc,
390 2614 428 2675 ut
449 2632 555 2694 neque
579 2612 614 2676 in
638 2612 789 2677 sestertio
809 2611 916 2693 vicies,
935 2611 1021 2694 quod
1040 2633 1060 2674 a
1076 2616 1169 2695 patre
1188 2613 1367 2693 acceperat,

192 2719 307 2781 parum
327 2721 362 2764 se
381 2698 548 2783 splendide
567 2703 695 2784 gereret
712 2721 817 2784 neque
835 2699 870 2763 in
889 2699 1042 2764 sestertio
1061 2694 1367 2786 centiesffllafluen·

193 2786 260 2850 tius
283 2787 416 2872 viveret,
438 2810 534 2872 quam
558 2789 760 2871 instituerat,
783 2789 918 2872 parique
941 2789 1074 2873 fastigio
1099 2790 1202 2852 staret
1223 2787 1257 2851 in
1279 2790 1368 2851 utra·

158 2891 256 2957 3que
285 2873 427 2939 fortuna.
472 2875 590 2943 Nullos
617 2878 733 2942 babuit
759 2877 886 2958 hortos,
917 2876 1042 2941 nullam
1067 2876 1286 2941 suburbanam
1310 2879 1368 2939 aut

193 2960 435 3046 maritimamff)
468 2964 595 3046 villam,
627 2987 732 3048 neque
764 2964 798 3027 in
830 2963 927 3029 Italia
958 2968 1086 3049 praeter
1115 2963 1304 3029 Arretinum
1334 2970 1368 3027 et

194 3051 436 3116 Nomentanum
458 3053 615 3118 rusticum
638 3053 821 3138 praedium,
850 3052 1020 3137 omnisque
1048 3055 1117 3118 eius
1140 3052 1296 3136 pecunias
1317 3074 1367 3116 re·

194 3139 280 3203 ditus
304 3139 476 3205 constabat
497 3141 532 3205 in
554 3141 733 3226 Epiroticis
757 3145 791 3205 et
812 3142 947 3207 urbanis
969 3141 1242 3227 possessionibus.

160 3246 174 3292 1
282 3226 352 3292 XV.
376 3227 580 3295 Mendacium
599 3251 704 3315 neque
724 3229 851 3295 dicebat
872 3252 976 3316 neque
994 3231 1065 3315 pati
1081 3233 1220 3315 poterat.
1248 3229 1366 3313 Itaque

194 3316 262 3381 eius
295 3317 433 3383 comitas
464 3340 532 3384 non
563 3319 633 3384 sine
666 3320 839 3385 severitate
867 3326 951 3402 erat,
982 3341 1086 3403 neque
1112 3341 1189 3384 vero
1221 3318 1365 3404 gravitas

193 3405 262 3470 sine
290 3405 461 3492 facilitate,
489 3412 527 3473 ut
554 3408 685 3474 difficile
714 3411 801 3473 asset
823 3408 1003 3487 intellectu,
1033 3412 1142 3473 utrum
1172 3429 1245 3472 eum
1270 3406 1366 3471 amici

193 3495 298 3579 magis
318 3501 504 3562 vererentur
523 3519 565 3562 an
585 3501 741 3562 amarent.
779 3496 937 3581 Quicquid
957 3498 1146 3581 rogabatur,
1164 3493 1364 3581 religiosa⁴⁶)

192 3585 414 3671 promittebat,
432 3587 518 3671 quod
535 3607 603 3652 non
621 3586 785 3669 liberales,
799 3586 854 3650 sed
872 3588 959 3651 leves
978 3586 1201 3651 arbitrabatur
1217 3583 1367 3668 polliceri

890 3697 904 3723 0

228 3756 262 3824 ⁸⁹)
280 3760 471 3829 Ausgebildet.
584 3730 587 3736 Ι
841 3760 876 3843 ξ’)
895 3759 1053 3829 Expensum
1063 3759 1166 3841 referre
1178 3758 1313 3828 (ntmlich
1320 3758 1365 3839 ins

229 3829 264 3899 ⁴⁰)
292 3830 373 3886 Anna
401 3850 435 3886 zu
461 3833 525 3888 Dat.
544 3832 597 3901 Ill,
620 3839 645 3915 3,
694 3831 752 3886 Der
805 3830 1075 3899 Wrrtschaftsbuch)
1093 3832 1133 3884 rst
1151 3830 1201 3884 das
1219 3829 1375 3899 Gegentarl‘

191 3899 315 3955 Hausrat
329 3917 387 3956 war
400 3902 494 3958 wader
509 3922 544 3959 ru
557 3903 664 3972 durftrg
677 3904 751 3958 noch
804 3918 861 3957 von
879 3904 1025 3972 acceptum
1040 3899 1151 3956 referre.

190 3989 224 4026 zu
242 3971 326 4027 reich.
840 3989 877 4060 ra)
895 3990 961 4061 γει
979 3990 1014 4058 V,
1032 3994 1058 4043 2·

190 4041 751 4241 >w
841 4077 877 4149 «ι

192 4185 357 4311 aeas„
375 4187 753 4314 cgngqqgg
806 4150 1111 4290 causamur
1124 4147 1365 4291 ”ructarat

192 4327 273 4382 nicbt
289 4347 324 4382 zu
342 4328 461 4395 denken,
477 4327 542 4384 weil
559 4345 625 4383 man
643 4328 753 4383 damals
844 4327 879 4397 ⁴⁶)
897 4325 951 4380 Mit
972 4326 1207 4382 Bedcnblichksit
1232 4327 1290 4381 und
1315 4326 1365 4379 Zu-

193 4396 265 4453 eben
282 4415 336 4453 nor
353 4399 427 4456 nach
441 4398 595 4456 Sestertien
612 4401 752 4456 rechuets.
807 4396 1003 4466 ruckhaltung.
