3028 4908
532 168 591 223 vn.
620 167 841 222 anemonas.
861 174 890 223 4.
906 173 931 224 5.
1277 166 1321 231 23

148 332 305 397 adversus
334 332 486 416 patriam,
515 331 570 395 sed
598 331 745 395 inimicos
774 352 849 395 suos
877 330 999 395 bellum
1033 332 1148 414 gessit:
1178 353 1254 394 nam
1287 352 1321 395 se

149 443 223 486 oum
246 421 474 506 intellegerent
496 419 672 501 plurimum
695 419 848 501 prodesse
867 421 962 501 posse
981 419 1027 482 rei
1046 420 1204 502 publicae,
1224 441 1263 483 ex
1282 441 1320 484 ea

149 510 281 574 eiecisse
309 511 446 593 plusque
473 509 540 571 irae
569 529 645 572 suae
674 530 771 591 quam
801 507 938 571 utilitati
971 509 1133 572 communi
1164 510 1320 591 paruisse.

97 638 100 642 ι
148 596 263 682 Itaque
291 599 378 661 illius
406 596 544 661 consilio
572 594 819 661 Lacedaemonii
846 596 1031 679 petentibus
1056 595 1148 680 Syra·
1178 599 1221 677 [a.
1239 598 1355 677 414]7

149 688 278 750 cusanis
312 686 430 749 auxilia
461 685 635 768 miserunt,
667 684 741 749 dein
773 684 945 748 Deceleam
978 685 1012 748 in
1040 685 1152 749 Attica
1181 682 1221 770 [a.
1239 686 1318 766 413]

149 776 336 840 munierunt
358 773 583 857 praesidioque
608 772 654 837 ibi
677 777 832 856 perpetuo
857 773 963 856 posito
983 773 1016 837 in
1035 773 1203 838 obsidione
1218 774 1320 837 Athe·

148 885 210 927 nas
233 867 416 928 tenuerunt,
447 861 603 926 Eiusdem
623 883 722 945 opera
741 882 813 925 cum
832 860 927 925 Perse
947 881 1022 946 rege
1042 862 1218 926 amicitiam
1238 862 1319 926 fece-

147 955 280 1016 suntet
307 951 432 1015 Ioniam
458 973 477 1015 a
506 951 658 1014 societate
687 953 872 1014 averterunt
894 949 1152 1014 Atheniensium.
1182 953 1223 1030 [a.
1237 951 1317 1032 412]

148 1039 219 1116 Quo
243 1040 330 1104 facto
355 1040 459 1104 multo
483 1039 664 1122 superiores
687 1039 773 1104 bello
797 1060 868 1103 esse
890 1043 1074 1122 coeperunt.

239 1129 277 1192 V.
310 1126 423 1210 Neque
446 1148 522 1192 vero
546 1128 597 1191 his
624 1128 719 1191 rebus
742 1133 811 1191 tam
840 1127 936 1191 amici
959 1127 1120 1192 Alcibiadi
1144 1133 1220 1192 sunt
1242 1128 1320 1193 facti
1340 1142 1354 1189 1

150 1239 248 1300 quam
271 1217 389 1280 timore
413 1218 454 1280 ab
473 1238 511 1280 eo
535 1216 676 1280 alienati.
704 1214 789 1280 Nam
809 1238 881 1280 cum
901 1215 1049 1280 acerrimi
1067 1217 1128 1280 riri
1152 1223 1319 1299 praestan-

148 1311 217 1370 tem
241 1306 446 1389 prudentiam
469 1306 503 1368 in
528 1304 678 1369 omnibus
701 1305 796 1368 rebus
821 1309 1060 1388 cognoscerent,
1082 1306 1321 1387 pertimuerunt

145 1415 187 1457 ne
206 1396 342 1458 caritate
360 1393 615 1482 patriaeductus
636 1393 810 1476 aliquando
830 1394 870 1457 ab
889 1394 969 1477 ipsis
987 1394 1177 1458 descisceret
1195 1399 1228 1458 et
1246 1416 1318 1457 cum

146 1483 214 1546 suis
238 1484 272 1545 in
296 1483 435 1566 gratiam
459 1482 586 1545 rediret
618 1480 732 1564 Itaque
751 1487 880 1565 tempus
900 1482 968 1546 eius
987 1481 1204 1546 interficiundi
1223 1504 1318 1567 quae·

144 1593 217 1635 rere
254 1571 474 1634 instituerunt.
520 1569 557 1633 Id
590 1570 776 1634 Alcibiades
810 1570 930 1634 diutius
967 1571 1064 1635 celari
1099 1592 1165 1635 non
1197 1571 1353 1653 potuitzs

144 1664 216 1724 erat
240 1660 324 1722 enim
350 1681 387 1723 ea
411 1659 599 1742 sagacitate,
622 1661 659 1722 ut
678 1658 781 1741 decipi
803 1681 869 1723 non
888 1664 1007 1742 posset,
1030 1659 1220 1742 praesertim
1244 1681 1317 1724 oum

144 1747 289 1811 animum
317 1748 510 1811 attendisset
537 1746 577 1810 ad
605 1748 791 1812 cavendum.
835 1745 950 1831 Itaque
984 1747 1023 1811 ad
1057 1747 1318 1832 Tissaphernem,

143 1836 343 1919 praefectum
367 1837 454 1918 regis
473 1832 621 1922 Dariiss),
644 1858 678 1900 se
701 1836 848 1900 contulit.
879 1835 943 1912 Qui
966 1859 1037 1900 cum
1058 1836 1316 1922 Atheniensium,
1336 1853 1352 1901 3

143 1926 228 1988 male
253 1926 355 2010 gestis
379 1926 414 1988 in
438 1923 550 1989 Sicilia
572 1922 725 2008 rebus12),
748 1947 826 2007 opes
850 1946 1023 2007 senescere,
1047 1924 1317 1990 Lacedaemonio·

142 2036 216 2076 rum
245 2035 303 2077 suo
332 2013 452 2077 auxilio
481 2035 622 2077 crescere
649 2014 785 2095 videret,
813 2013 909 2077 facile
938 2014 979 2077 ab
1002 2013 1172 2078 Alcibiade
1196 2036 1234 2078 eo
1264 2015 1316 2078 ad-

143 2103 259 2166 ductus
283 2107 340 2186 est,
364 2105 401 2166 ut
419 2102 543 2178 neutris
563 2101 675 2165 favens
698 2102 773 2165 illos
796 2101 880 2165 inter
898 2124 932 2166 se
951 2106 1118 2166 conterere
1141 2107 1315 2185 pateretur.

143 2190 216 2266 Quo
244 2191 330 2255 facto
360 2190 544 2254 Alcibiades
573 2190 666 2254 initio
696 2212 768 2253 cum
792 2189 964 2275 Pisandro,
991 2192 1045 2275 qui
1075 2191 1160 2274 apud
1184 2189 1316 2255 Samum

141 2280 178 2342 in
202 2279 344 2343 exercitu
368 2283 451 2360 erat,
474 2302 532 2361 per
555 2279 772 2343 internuntios
796 2279 989 2362 colloquitur
1012 2280 1105 2343 etde
1129 2279 1233 2343 reditu
1258 2302 1315 2344 suo

141 2364 222 2431 facit
253 2368 459 2432 mentionem.
505 2367 588 2431 Erat
615 2368 700 2430 enim
733 2368 761 2431 is
790 2367 901 2431 eodem
933 2390 996 2451 quo
1029 2373 1099 2432 tum
1128 2368 1315 2432 Alcibiades

142 2478 250 2539 senso,
273 2456 385 2541 populi
409 2458 575 2537 potentiae
594 2477 661 2519 non
684 2455 805 2520 amicus
825 2460 857 2519 et
881 2458 1087 2540 optimatium
1110 2457 1229 2521 fautor.
1261 2456 1314 2521 Ab
1333 2471 1351 2519 4

141 2545 204 2609 hoc
224 2541 445 2631 destitutusffl)
465 2546 605 2628 primum
623 2566 682 2626 per
695 2544 944 2628 Thrasybulum,
957 2544 1036 2628 Lyci
1054 2546 1167 2628 filium,
1186 2545 1314 2626 [soll]

142 2635 184 2696 ab
205 2633 345 2697 exercitu
364 2633 518 2716 recipitur
536 2637 730 2717 praetorque
748 2633 786 2695 fit
803 2633 887 2716 apud
902 2631 1044 2717 Samum,
1062 2638 1137 2717 post
1144 2630 1182 2720 14)
1202 2634 1314 2698 suffra-

141 2727 242 2805 gante
262 2721 464 2786 Theramene
481 2722 594 2805 populi
614 2723 696 2786 scito
715 2721 897 2785 restituitur
915 2720 1095 2809 parique1⁵)
1120 2723 1235 2787 absens
1256 2725 1314 2787 im-

140 2811 232 2894 perio
256 2811 440 2893 praeficitur
464 2812 559 2874 simul
583 2831 655 2873 cum
680 2809 885 2893 Thrasybulo
912 2816 945 2874 et
968 2811 1150 2895 Thrasyllo.
1186 2810 1348 2877 Horums

140 2901 176 2962 in
195 2900 331 2983 imperio
349 2904 442 2963 tanta
461 2900 671 2963 commutatio
690 2921 797 2963 rerum
816 2899 905 2965 facta
924 2904 981 2984 est,
1005 2905 1041 2964 ut
1059 2898 1314 2980 Lacedaemonii,

180 3126 202 3157 11
293 3126 299 3137 ’
775 3126 781 3137 ⁸
805 3126 811 3137 “
1031 3127 1037 3140 ’
1210 3149 1216 3161 .
1256 3130 1262 3141 ”

180 3127 216 3264 123
232 3125 661 3277 sceleratissimo.
756 3127 1315 3257 retracter·allant

181 3267 215 3335 ¹³)
234 3267 435 3336 Tissaphernes
459 3267 516 3320 und
540 3267 702 3321 Alcibiades
756 3269 859 3324 schloss
885 3269 936 3322 das
963 3270 1036 3324 Heer
1062 3271 1108 3326 bei
1131 3271 1241 3340 Samos,
1267 3275 1318 3327 auf

139 3339 310 3406 verlangten
341 3337 383 3392 als
420 3337 588 3406 Bodingung
626 3338 701 3392 eines
756 3340 810 3394 den
847 3341 903 3394 Rat
939 3340 988 3394 des
1026 3342 1215 3411 Thrasybulos
1256 3345 1314 3398 und

139 3408 276 3477 Vertrags
310 3409 448 3462 zwisehen
475 3409 528 3462 <len
557 3409 701 3462 Athenern
756 3411 928 3479 Thrasyllus,
944 3429 979 3464 an
994 3412 1233 3468 derDemokratio
1247 3414 1314 3470 fest·

141 3481 197 3533 und
218 3478 335 3533 Persern
355 3479 400 3532 die
419 3479 599 3547 Herstellung
624 3478 700 3533 einer
754 3482 894 3542 zuhaltem
915 3483 1035 3536 erhl‘arte
1051 3482 1110 3536 sich
1126 3484 1172 3537 fdr
1186 3485 1235 3538 das
1251 3502 1313 3540 son·

140 3550 363 3617 oligsrchischen
373 3549 546 3618 Verfassung
559 3548 589 3602 in
602 3549 697 3603 Athen
752 3556 855 3607 vertne
868 3552 943 3608 Volk
961 3553 1018 3606 und
1032 3554 1136 3607 wthlte
1149 3554 1311 3611 Alcibiades

139 3621 199 3675 und
223 3622 268 3675 die
288 3621 536 3690 Zurfickbornfung
555 3620 603 3673 des
623 3619 697 3673 Alci·
751 3626 826 3677 samt
848 3621 1037 3692 Thrasybulus
1062 3626 1119 3678 und
1150 3625 1313 3695 Thrasyllus

139 3692 247 3747 biades.
283 3691 418 3746 Pisandes
448 3690 518 3760 ging
545 3708 589 3745 am
618 3691 698 3745 Ende
753 3712 787 3747 zu
806 3694 964 3763 Strategen.

139 3763 189 3816 des
217 3762 316 3816 Jahres
338 3768 390 3816 412
419 3763 492 3816 nach
519 3762 613 3815 Athen
640 3761 697 3815 und

140 3833 238 3887 stellte
257 3834 321 3887 dort
339 3833 475 3898 wirklich‚
494 3832 589 3886 tndem
606 3849 635 3885 er
650 3833 700 3887 aul

140 3904 191 3958 das
224 3905 365 3972 persische
397 3903 522 3957 Bdndnis
555 3902 698 3974 Hoffnung

139 3975 266 4043 machte‚
299 3977 360 4029 eine
393 3974 598 4045 oligarchische
630 3975 697 4029 Ver-

138 4045 255 4114 fassung
281 4048 354 4115 (411)
378 4045 436 4100 her.
473 4046 553 4101 Danu
577 4045 645 4116 ging
668 4064 699 4100 er
791 4047 824 4116 ¹⁶)
857 4046 889 4101 D.
910 4048 935 4101 h,
960 4064 989 4102 es
1015 4049 1109 4103 wurde
1135 4050 1188 4103 den
1215 4049 1311 4104 dreien

138 4117 212 4171 noch
254 4117 357 4171 eiumal
393 4116 435 4170 als
472 4116 627 4172 Gesandter
666 4134 699 4170 zu
752 4118 875 4172 dieselbe
907 4119 1012 4173 Wiirde
1037 4137 1103 4175 vom
1128 4119 1220 4174 Volke
1250 4137 1310 4175 ver-

140 4186 351 4256 Tissaphernes,
370 4205 417 4241 um
437 4187 490 4241 den
509 4187 632 4256 Vestrag
650 4188 699 4241 ab·
752 4189 855 4255 lichen,
875 4205 909 4240 zu
925 4188 974 4242 der
992 4190 1031 4244 sie
1050 4190 1154 4246 bereits
1173 4190 1222 4244 das
1237 4191 1311 4245 Heer

139 4257 333 4326 zosohlielsen,
353 4260 459 4312 konnte
474 4256 533 4311 sich
547 4256 616 4311 aber
631 4258 699 4312 fiber
752 4259 867 4313 berufen
901 4259 992 4314 hatte.
1030 4263 1076 4315 Sie
1107 4263 1232 4315 worden
1250 4263 1310 4318 also
1338 4272 1340 4277 ’

138 4328 185 4382 die
213 4328 416 4400 Bedingungen
449 4328 502 4382 mit
533 4329 592 4382 ihm
619 4328 700 4384 nicht
753 4329 888 4400 lediglioh
907 4346 972 4385 vom
990 4331 1081 4388 Volke
1100 4331 1245 4403 besttttigt.

790 3798 822 3863 ¹⁴)
840 3799 874 3853 In
886 3800 1046 3855 demselben
1055 3801 1149 3868 Jatre,
1160 3804 1228 3858 aber
1236 3806 1310 3860 nach

752 3870 814 3922 dem
835 3869 931 3925 Sturze
951 3873 999 3925 dos
1018 3870 1243 3942 oligarchisohon
1257 3875 1311 3930 Re-

752 3939 874 4010 giments
892 3941 922 3995 in
939 3940 1041 3999 Athen.
