3028 4908
217 195 258 260 16
499 196 546 253 1v.
574 194 788 252 Pausanias,
812 201 838 252 s.
874 194 908 252 v.
936 194 1061 251 omen.
1075 202 1111 281 ,¹·

182 374 196 422 1
304 357 346 423 V.
382 355 445 423 His
466 358 565 422 rebus
589 357 704 442 ephori
732 357 872 442 cognitis
899 379 967 423 non
990 357 1112 423 diutius
1136 361 1389 442 exspectandum

216 449 415 529 statuerunt,
447 446 503 510 sed
538 446 640 510 satius
678 450 834 529 putarunt
865 446 899 510 in
930 447 1011 511 urbe
1044 468 1117 510 eum
1149 448 1389 531 comprehendi.

216 533 286 610 Quo
309 535 376 600 illis
399 534 552 617 profectis
576 534 765 619 Pausanias,
788 534 843 618 qui
865 535 1004 618 placato,
1026 538 1064 600 ut
1086 535 1234 619 putabat,
1257 536 1387 621 Argilio

214 624 284 707 ipse
307 645 434 707 quoque
451 622 728 688 Lacedaemonem
750 625 938 706 reverterat,
961 643 1035 687 cum
1057 624 1124 688 iam
1144 624 1179 688 in
1199 645 1236 689 eo
1256 623 1389 712 esset¹⁶)

215 715 252 776 ut
275 711 614 796 comprehenderetur,
637 733 677 775 ex
699 711 793 776 vultu
815 710 983 776 cuiusdam
1005 711 1134 796 ephori,
1157 713 1214 796 qui
1238 734 1310 778 enm
1334 715 1388 780 ad-

179 800 340 864 amoneri
368 801 534 884 cupiebat,
561 799 696 864 insidias
725 799 788 864 sibi
815 799 887 864 fieri
915 800 1086 865 intellexit.
1132 799 1247 886 ltaque
1276 805 1389 887 paucis

216 891 291 952 ante
310 888 476 973 gradibus,
494 909 590 973 quam
610 890 757 972 quicum
777 887 1005 972 sequebantur,
1027 889 1063 952 in
1082 888 1193 954 aedem
1213 889 1389 976 Minervae,

214 997 296 1060 quae
328 975 538 1042 Chalcioecos
570 980 719 1059 vocatur,
750 976 907 1060 confugit.
952 976 1040 1041 Hinc
1070 998 1112 1041 nc
1144 977 1230 1042 exire
1266 984 1388 1064 posset,

214 1064 327 1130 statim
355 1065 470 1150 ephori
492 1066 605 1131 valvas
628 1065 697 1129 eius
726 1064 814 1130 aedis
838 1065 1070 1130 obstruxerunt
1098 1069 1300 1151 tectumque,
1323 1090 1388 1153 quo

178 1153 348 1218 scelerius
378 1155 437 1219 sub
462 1153 537 1218 divo
565 1153 729 1232 interiret,
753 1157 830 1217 sunt
859 1152 1011 1219 demoliti.
1048 1151 1222 1238 Diciturss)
1247 1177 1285 1220 eo
1308 1159 1388 1221 tem-

212 1246 292 1325 pore
315 1246 450 1307 matrem
468 1239 648 1307 Pausaniae
672 1241 772 1306 fuisse
796 1243 1003 1324 superstitem
1022 1263 1158 1325 eamque
1182 1241 1248 1307 iam
1267 1265 1388 1329 magno

212 1333 307 1414 natu,
329 1335 503 1416 postquam
531 1331 571 1395 de
594 1331 715 1396 scelere
743 1330 803 1395 filii
826 1331 997 1413 comperit,
1019 1329 1055 1394 in
1076 1330 1192 1414 primis
1216 1332 1256 1396 ad
1285 1333 1389 1397 filium

177 1434 194 1482 4
213 1419 426 1485 claudendum
440 1419 580 1503 lapidem
595 1419 636 1484 ad
655 1419 825 1484 introitum
846 1418 933 1483 aedis
953 1418 1113 1486 attulisse.
1141 1417 1193 1483 Sic
1206 1418 1388 1486 Pausanias

213 1529 366 1593 magnam
393 1508 474 1574 belli
502 1509 640 1593 gloriam
667 1508 756 1591 turpi
789 1510 895 1572 morte
922 1508 1106 1573 maculavit.
1150 1506 1283 1573 Etenim
1314 1530 1389 1575 cum

213 1598 412 1662 semianimis
435 1597 474 1661 de
497 1597 621 1681 templo
645 1595 750 1659 elatus
774 1599 869 1679 esset,
891 1596 1062 1660 confestim
1086 1595 1228 1661 animam
1254 1598 1295 1677 [a
1306 1599 1388 1680 473]

177 1685 344 1751 saffiavit.
381 1682 481 1749 Cuius
506 1685 627 1748 mortui
649 1705 766 1766 corpus
790 1704 862 1748 cum
886 1681 1046 1770 eodem¹⁸)
1069 1685 1220 1749 nonnulli
1243 1685 1389 1751 dicerent

212 1773 325 1837 inferri
348 1776 513 1856 oportere,
536 1793 599 1856 qno
624 1773 680 1856 qui
703 1771 744 1835 ad
768 1771 963 1855 supplicium
987 1776 1095 1838 essent
1117 1773 1199 1858 dati,
1222 1772 1388 1858 displicuit

212 1861 369 1943 pluribus,
393 1863 426 1924 et
447 1857 607 1945 procul¹⁹)
630 1860 671 1925 ab
690 1881 728 1925 eo
747 1859 819 1924 loco
838 1861 1035 1946 infoderunt,
1053 1883 1117 1945 quo
1137 1865 1207 1927 erat
1230 1865 1388 1928 mortuus.

212 1946 292 2012 Inde
314 1950 477 2032 posterius
501 1948 551 2013 dei
570 1946 722 2032 Delphici
744 1969 902 2033 responso
929 1953 1039 2015 erutus
1062 1954 1159 2033 atque
1179 1950 1292 2016 eodem
1315 1951 1390 2017 loco

213 2037 360 2120 sepultus
384 2041 448 2122 est,
470 2037 527 2101 ubi
550 2039 651 2103 vitam
674 2040 837 2121 posuerat.

673 2358 716 2432 V.
760 2357 921 2432 OIMON.

177 2511 191 2559 1
299 2496 324 2561 I.
365 2493 494 2581 Cimon,
523 2496 680 2562 Miltiadis
711 2496 812 2577 filius,
843 2495 1066 2581 Atheniensis,
1098 2497 1178 2562 duro
1212 2498 1389 2564 admodum

210 2583 304 2648 initio
327 2607 405 2650 usus
428 2590 479 2650 est
502 2585 749 2652 adulescentiae.
782 2585 868 2652 Nam
888 2607 959 2650 cum
977 2589 1071 2669 pater
1090 2587 1158 2650 eius
1176 2587 1268 2651 litem
1292 2588 1389 2653 aesti-

211 2675 333 2737 matam
362 2675 483 2758 populo
516 2676 640 2739 solvere
669 2696 736 2739 non
765 2676 927 2757 potuisset
958 2674 1000 2739 ob
1029 2696 1163 2759 eamque
1193 2697 1323 2740 causam
1353 2677 1390 2741 in

210 2760 349 2826 vinculis
371 2763 511 2846 publicis
534 2762 740 2842 decessisset,
765 2761 879 2829 Cimon
904 2762 1016 2827 eadem
1043 2762 1190 2827 custodia
1212 2764 1390 2830 tenebatur

210 2870 315 2933 neque
333 2850 461 2934 legibus
476 2851 582 2915 emitti
600 2854 739 2935 poterat,
759 2851 823 2915 nisi
837 2851 1018 2934 pecuniam,
1037 2873 1103 2934 qua
1116 2854 1209 2934 pater
1226 2853 1388 2919 multatus

175 2942 293 3023 cerat,
322 2938 481 3004 solvisset.
526 2938 681 3004 Habebat
708 2943 816 3005 autem
844 2941 879 3004 in
907 2937 1113 3001 matrimonio
1143 2957 1287 3002 sororem
1315 2962 1390 3024 ger·

210 3025 373 3113 manam1)
403 3028 535 3092 nomine
565 3026 753 3112 Elpinicen,
783 3048 850 3091 non
885 3026 991 3089 minus
1027 3046 1117 3090 more
1146 3046 1243 3108 quam
1275 3048 1389 3095 amore

210 3113 373 3202 ductus²):
391 3137 530 3200 namque
546 3116 801 3182 Atheniensibus
819 3115 897 3179 licet
911 3114 1023 3177 eodem
1042 3117 1135 3198 patre
1154 3116 1249 3179 natas
1269 3137 1388 3184 uxores

174 3219 190 3267 a
211 3202 333 3268 ducere.
366 3203 473 3269 Huius
493 3205 635 3289 coniugii
654 3204 788 3289 cupidus
807 3201 927 3268 Callias
947 3202 1088 3286 quidam,
1112 3223 1178 3267 non
1196 3207 1264 3268 tam
1288 3225 1389 3288 gene-

209 3289 337 3380 rosusl)
370 3314 467 3376 quam
499 3294 708 3378 pecuniosus,
736 3293 790 3376 qui
823 3310 961 3375 magnas
992 3292 1148 3375 pecunias
1178 3312 1216 3355 ex
1244 3295 1386 3359 metallis

249 3502 281 3571 ια)
299 3501 522 3574 Unpersdnliohe
535 3501 703 3569 Redensart,
716 3518 770 3556 nur
824 3499 854 3555 in
873 3500 923 3556 der
940 3501 1022 3556 Nahe
1045 3502 1125 3571 (Hor.
1144 3503 1196 3556 sat.
1216 3502 1254 3570 Π,
1274 3507 1304 3570 6,
1324 3506 1385 3558 106.

209 3574 272 3629 hier
289 3575 347 3629 und
366 3573 509 3643 MiltVII,
524 3581 549 3630 3.
578 3560 658 3628 iliter
674 3574 727 3628 hat
741 3589 770 3627 ea
824 3572 909 3642 Verg.
928 3575 996 3629 Aen.
1015 3571 1049 3640 X,
1068 3575 1140 3641 8³5).

211 3646 269 3698 erst
287 3644 392 3701 Livius.
420 3644 457 3700 Es
476 3647 527 3713 ist,
546 3645 600 3701 wie
618 3644 706 3700 vieles
724 3643 771 3700 bei
863 3645 883 3713 ²)
912 3642 1067 3698 Germanus
1095 3643 1157 3697 hiet
1179 3642 1234 3698 wie
1256 3643 1385 3701 Praef.4

210 3713 318 3783 Nepos,
351 3734 401 3770 aus
428 3717 478 3771 der
505 3716 770 3787 Umgangssprache
825 3732 902 3796 „vop
927 3713 1090 3770 demselben
1113 3714 1231 3781 Vater“;
1255 3713 1386 3783 dagegen

209 3788 687 3925 enpopppepfipermhchedicim
695 3857 773 3913 steht
825 3784 1375 3926 Ute'llllditiisvisliiiiicilglliiheiiiletieprdia

209 3941 265 3980 von
287 3926 364 3981 einer
387 3927 530 3982 einzelnen
554 3930 681 3999 Amsaga
704 3930 772 3984 oder
825 3927 890 3981 dem
911 3925 1067 3995 Wcrtspiel
1090 3925 1212 3994 nuliebe,
1237 3926 1309 4009 auch
1333 3896 1386 4008 aul

210 3997 404 4067 Behauptung.
441 3996 509 4052 Alae
533 3999 607 4054 hiere
626 4016 679 4069 „ea
698 4001 768 4055 wird
822 4013 900 4052 more
918 3997 1051 4065 beregen.
1080 3997 1118 4050 Es
1132 3995 1215 4053 sollte
1229 3995 1384 4067 ergentlrch

210 4068 283 4122 anch
301 4068 487 4168 bepauptet‘t
505 4068 586 4124 nicht
603 4070 768 4141 allgemein:
822 4065 932 4149 beilsen
950 4069 982 4121 ut
995 4081 1096 4149 'amore
1113 4066 1229 4136 ductus,
1246 4068 1288 4123 ita
1306 4085 1384 4124 more

209 4138 335 4280 ”egilii
347 4180 410 4265 eine
423 4208 560 4266 Schlucht
578 4211 702 4267 ntmlich
719 4210 767 4265 des
823 4154 883 4277 nep)
897 4137 1065 4265 ffiiridriidlit
1078 4210 1207 4294 eusdem
1221 4208 1387 4291 bekanntcn’

209 4278 388 4420 little.
412 4352 442 4406 a
460 4352 567 4421 en...
584 4352 768 4421 rantra...
822 4278 1383 4421 lsttr‘..lapt‘llfflrtttlttt
