3028 4908
516 225 593 280 xm.
621 206 839 281 rinoceros.
865 231 889 283 1.
908 230 933 282 a.
1267 226 1309 289 41

137 391 212 452 tum
235 387 359 451 intrare
387 386 701 472 gubernatoremque
728 388 820 452 iubet
847 408 884 453 eo
913 389 1057 473 derigere
1085 410 1214 472 navem,
1242 389 1311 472 ipse

140 476 206 541 sibi
224 475 380 559 perniciei
403 476 478 539 fuit:
502 498 575 540 cum
598 478 683 540 enim
707 497 745 541 66
764 480 975 561 penetrasset,
998 481 1123 541 ceterae
1146 498 1213 542 non
1236 482 1313 543 sunt

138 567 280 630 secutae.
330 563 401 639 Quo
428 563 516 629 facto
545 564 756 631 circumfusus
783 564 929 630 hostium
961 586 1118 631 concursu
1148 587 1221 630 cum
1248 565 1312 630 166-

138 654 268 718 tissime
287 656 455 737 pugnaret,
473 654 566 718 navis
585 658 691 718 rostro
710 674 863 737 percussa
881 655 987 738 coepit
1006 655 1117 719 sidere.
1147 655 1220 738 Ipse
1239 674 1346 722 cuma

140 744 254 826 posset
277 742 435 827 refugere,
458 741 486 806 si
509 763 543 806 se
566 742 600 806 in
623 764 712 808 mare
736 742 912 827 deiecisset,
936 743 1021 827 quod
1045 743 1176 808 suberat
1197 744 1311 809 classis

140 830 408 913 Atheniensium,
438 851 520 913 quae
547 831 709 915 exciperet
734 833 900 913 natantes,
933 833 1038 916 perire
1069 832 1186 897 maluit
1215 854 1312 917 quam

141 919 241 984 armis
266 919 402 984 abiectis
424 940 541 983 navem
565 919 755 1004 relinquere,
779 943 843 1004 qua
864 920 970 985 166661
992 926 1111 987 vectus.
1154 921 1192 985 Id
1215 920 1313 986 ceteri

142 1029 214 1072 cum
234 1006 341 1072 facere
359 1007 497 1088 nollent,
520 1008 627 1073 nando
650 1009 685 1072 in
704 1013 811 1073 tutum
829 1013 1057 1093 pervenerunt:
1081 1010 1198 1092 atille,
1221 1031 1312 1093 prae·

141 1100 228 1161 stare
238 1096 410 1162 honestam
419 1100 559 1161 mortem
572 1096 761 1162 existimans
771 1098 860 1182 turpi
869 1099 964 1182 61166,
974 1099 1153 1163 comminus
1163 1118 1312 1183 pugnans

137 1185 213 1250 16116
237 1185 382 1250 hostium
404 1184 595 1250 interfectus
618 1189 676 1250 661.

619 1380 831 1392 *—

513 1542 613 1616 XIII.
653 1541 939 1618 TIMOTHEUS.

230 1679 476 1766 I.·Timotheus,
494 1680 636 1748 Cononis
654 1682 751 1765 filius,
765 1682 984 1767 Atheniensis,
1004 1705 1024 1746 a
1037 1686 1128 1766 patre
1147 1685 1312 1766 acceptam
1333 1699 1347 1748 1

139 1769 281 1857 gloriam
307 1771 420 1836 multis
447 1771 538 1835 auxit
564 1771 754 1837 virtutibus:
784 1771 848 1836 1611
876 1772 962 1835 enim
985 1772 1138 1854 disertus,
1165 1770 1312 1857 impiger,

136 1859 184 1924 rei
212 1858 366 1922 militaris
395 1859 519 1944 peritus
546 1881 652 1945 neque
679 1860 787 1924 minus
816 1860 957 1925 civitatis
989 1860 1158 1946 regendae.
1207 1859 1347 1928 Multas

137 1948 228 2014 illius
252 1951 329 2011 sunt
351 1947 517 2031 praeclare
535 1948 637 2032 16616,
661 1949 716 2013 sed
739 1947 819 2014 haec
842 1950 980 2014 maxime
1004 1950 1151 2015 illustria.

228 2034 376 2100 Primum
399 2037 496 2102 classi
518 2037 700 2120 praefectus
725 2037 968 2103 circumvehens
991 2038 1151 2123 Pelopon·
1176 2039 1217 2118 [a.
1231 2036 1311 2119 375]

137 2146 252 2190 nesum
279 2123 462 2190 Laconicen
490 2126 667 2209 populatus
690 2131 741 2190 est
763 2126 963 2210 classemque
985 2126 1311 2192 Lacedaemoniorum

138 2213 273 2299 fugarit.
321 2211 495 2297 Corcyram
524 2215 584 2279 sub
616 2214 787 2298 imperium
814 2215 1062 2280 Atheniensium
1093 2215 1233 2299 redegit,
1261 2237 1312 2280 so-

137 2304 269 2388 ciosque
293 2303 440 2368 adiunxit
462 2303 627 2388 Epirotas,
645 2303 858 2387 Athamanas,
880 2299 1031 2368 01166666
1056 2318 1232 2386 omnesque
1256 2325 1310 2368 eas

137 2394 263 2476 gentes,
287 2412 369 2475 quae
392 2413 482 2457 mare
505 2392 585 2457 illud
605 2392 760 2457 adiacent.
797 2391 868 2468 Quo
892 2392 979 2458 16616
997 2390 1247 2456 Lacedaemonii
1271 2392 1345 2458 dea

139 2481 265 2544 diutina
288 2481 496 2545 contentione
519 2477 748 2568 destiteruntl)
771 2484 805 2545 61
828 2503 886 2545 sua
910 2486 1026 2565 sponte
1045 2479 1144 2544 Athe·
1170 2481 1212 2560 [a.
1230 2480 1309 2562 374]

136 2568 306 2634 niensibus
323 2569 454 2653 imperii
472 2570 628 2634 maritimi
645 2569 863 2653 principatum
882 2572 1118 2651 concesserunt,
1135 2589 1311 2651 pacemque

137 2657 189 2722 his
219 2657 348 2741 legibus
376 2659 627 2742 constituerunt,
654 2663 692 2723 ut
714 2658 931 2722 Athenienses
959 2657 1042 2722 mari
1070 2657 1165 2721 duces
1193 2661 1312 2722 essent.

140 2747 231 2824 Quae
249 2747 388 2812 victoria
409 2750 521 2811 tantae
544 2747 607 2811 fuit
625 2747 746 2811 Atticis
770 2747 924 2828 laetitiae,
946 2750 984 2811 ut
1006 2750 1075 2810 tum
1094 2745 1234 2829 primum
1252 2767 1311 2810 ara

137 2832 217 2900 Paci
248 2835 376 2919 publice
405 2835 493 2901 facta
525 2835 575 2899 illi
604 2835 682 2900 deae
714 2836 865 2920 pulvinar
895 2836 940 2900 sit
970 2835 1166 2900 institutum.
1212 2832 1346 2900 Ouiust

136 2924 246 2988 laudis
269 2927 307 2988 ut
323 2924 482 2989 memoria
504 2928 660 3009 maneret,
678 2924 849 2990 Timotheo
867 2925 997 3010 publice
1020 2928 1164 2989 statuam
1186 2921 1309 2989 infore

136 3016 327 3096 posuerunt
365 3012 427 3090 Qui
449 3014 555 3078 honos
578 3014 652 3079 huic
675 3014 732 3078 uni
755 3017 829 3078 ante
852 3013 884 3078 id
907 3010 1068 3099 tempus²)
1093 3012 1242 3097 contigit,
1264 3017 1310 3090 61,

138 3122 213 3168 cum
237 3102 324 3185 patri
346 3101 485 3186 populus
507 3103 672 3185 posuisset
694 3106 851 3185 statuam,
873 3102 941 3167 filio
966 3123 1092 3186 quoque
1116 3102 1216 3166 daret.
1257 3099 1310 3166 Sic

134 3190 227 3255 iuxta
256 3190 365 3273 posita
392 3210 504 3255 recens
530 3191 591 3255 filii
619 3194 729 3256 statua
751 3196 894 3256 veterem
921 3191 1025 3274 patris
1054 3190 1224 3254 renovavit
1245 3212 1311 3254 me·

134 3300 281 3344 monam.

225 3365 269 3431 ΙΙ.
291 3367 411 3432 Po‘stea
431 3367 528 3432 simul
551 3389 624 3432 cum
643 3367 799 3453 Agesilao
817 3367 1041 3450 Ariobarzani,
1064 3389 1153 3450 prae
1174 3369 1215 3446 [a.
1230 3367 1309 3448 366]
1330 3384 1345 3432 1

135 3456 221 3522 16616
249 3454 426 3540 Phrygiae,
457 3456 578 3521 auxilio
605 3457 771 3541 profectus
799 3465 857 3521 est.
902 3454 1019 3539 Aquo
1049 3474 1122 3520 cum
1145 3453 1230 3518 Laco
1258 3476 1311 3537 pe

136 3544 267 3610 cuniam
281 3548 485 3609 numeratam
505 3545 692 3629 accepisset,
710 3546 765 3610 ille
780 3546 865 3611 cives
880 3564 955 3608 suos
972 3564 1051 3628 agro
1067 3547 1163 3626 atque
1177 3542 1310 3608 urbibus

137 3633 250 3718 augeri
264 3633 390 3716 maluit,
430 3654 505 3698 uam
523 3634 556 3697 id
573 3634 643 3717 ipse
663 3655 799 3717 sumere,
818 3632 907 3698 cuius
926 3635 1053 3717 partem
1068 3631 1199 3696 domum
1218 3653 1308 3696 suam

134 3722 220 3785 16666
234 3726 356 3806 posset.
427 3744 479 3786 am
499 3744 569 3787 eum
590 3721 732 3787 audisset
746 3722 999 3787 Ariobarzanem
1020 3742 1039 3784 a
1057 3740 1132 3804 rege
1147 3719 1311 3803 defecisse,
1329 3736 1345 3784 a

132 3810 274 3894 primum
306 3807 438 3874 Samum
469 3810 569 3894 cepit,
598 3811 633 3874 in
661 3832 724 3894 quc
754 3810 873 3895 oppido
902 3808 1119 3894 oppugnando
1149 3809 1311 3894 superiore

174 4035 195 4108 ¹)
214 4036 278 4091 Viei
300 4037 380 4092 hatte
398 4032 511 4092 freilich
533 4056 567 4092 66
592 4038 698 4092 diesem
751 4035 873 4106 Begritie
892 4036 945 4090 wie
959 4034 1047 4107 μόνος
1066 4034 1115 4091 (166
1129 4035 1242 4091 (1661116
1256 4035 1312 4090 τῶν

134 4106 268 4163 Resultat
288 4108 339 4162 der
357 4106 472 4177 Seesieg
494 4110 543 4163 des
562 4108 697 4164 Chabrias
751 4105 1002 4177 προγεγενημένων
1017 4108 1084 4162 oder
1102 4108 1157 4162 τῶν
1172 4103 1226 4175 πρὸ
1246 4102 1311 4161 166-

134 4179 182 4235 bei
199 4178 297 4234 Naxus
316 4180 390 4249 (3⁷6)
408 4178 598 4250 beigetragen.
751 4179 811 4245 τοῦ,
830 4179 881 4232 (166
899 4178 981 4246 (1666,
999 4195 1047 4233 um
1065 4177 1146 4232 nicht
1164 4176 1311 4246 unlogisch

173 4248 266 4320 ¹)Ein
297 4250 466 4305 (1616161666.
512 4249 554 4303 Im
587 4249 697 4305 Griech.
752 4267 787 4303 zu
805 4248 946 4316 scheinen,
965 4246 1045 4304 nicht
1063 4250 1106 4303 ala
1124 4266 1186 4319 gen.
1272 4246 1312 4314 ’1,

135 4322 214 4377 steht
231 4320 357 4376 ntmlich
371 4319 458 4379 111666
476 4320 522 4374 bei
541 4320 632 4375 616616
647 4319 697 4374 Su·
752 4322 870 4376 condem
886 4320 928 4374 als
943 4337 1005 4389 gen.
1020 4321 1093 4374 nach
1106 4318 1146 4374 Be
1182 4316 1188 4330 ⁸
1212 4334 1247 4373 en
1264 4317 1313 4372 der

135 4390 259 4462 perlatis
267 4392 335 4447 oder
344 4389 436 4447 einem
446 4389 698 4463 superlativischen
753 4390 940 4461 Superiorittt
958 4389 1134 4446 autnufassen
1152 4392 1198 4445 ist
