3028 4908
200 180 242 244 72
597 179 670 236 XIX.
695 177 863 235 ΡΗοοΙοΝ.
891 185 915 234 a.
934 184 960 235 4.

201 339 413 425 Nicanorem,
435 337 643 427 Cassandrif)
666 340 880 425 praefectum,
903 339 1037 405 Piraeeo
1060 340 1209 405 insidiari
1234 343 1274 427 [a.
1294 344 1374 424 317]

202 429 378 516 eodemque
410 430 598 514 postulante
629 432 667 492 ut
694 429 891 512 provideret,
922 450 963 493 ne
991 429 1224 494 commeatibus
1259 430 1374 497 civitas

200 518 398 601 privaretur,
424 518 632 583 incautione
655 518 882 602 negavitesse
911 516 1091 601 periculum
1115 539 1211 601 seque
1235 519 1305 584 eius
1328 519 1377 584 rei

166 623 182 671 o
202 606 349 671 obsidem
372 606 441 670 fore
464 606 630 690 pollicitus
654 609 712 670 est.
755 604 807 670 Ad
829 626 920 671 arma
940 626 1057 670 vocare
1080 604 1166 671 cives
1186 605 1378 672 defendendi

204 695 339 778 periculi
363 716 460 759 causa
482 695 596 759 noluit
641 692 754 779 Neque
777 694 826 758 ita
848 694 951 758 multo
974 696 1051 775 post
1073 692 1218 758 Nicanor
1239 693 1376 761 Piraeeo

203 785 254 848 est
279 784 413 866 potitus.
463 781 515 846 Ad
543 804 639 866 quem
666 782 920 866 recuperandum
950 782 1003 845 ille
1037 784 1149 846 contra
1176 781 1377 849 Nicanorem

202 870 405 955 profecturus
429 870 494 935 iam
517 892 584 936 non
607 870 693 935 dicto
717 870 884 935 audientes
907 869 1023 935 habuit
1044 868 1271 936 Athenienses.

167 974 182 1022 1
290 957 350 1023 ΙΙΙ.
386 958 493 1023 Erant
520 980 557 1023 eo
585 963 732 1041 tempore
760 956 899 1022 Athenis
928 958 1010 1021 duae
1037 957 1210 1036 factiones,
1238 981 1377 1043 quarum

202 1067 267 1111 una
295 1047 409 1132 populi
436 1069 566 1112 causam
595 1046 729 1132 agebat,
757 1046 860 1111 altera
887 1045 1104 1130 optimatium.
1148 1045 1187 1111 In
1214 1048 1276 1112 hac
1307 1053 1380 1113 erat

203 1133 348 1200 Phocion
368 1140 401 1200 ct
419 1134 604 1201 Demetrius
622 1134 799 1200 Phalereus
807 1130 841 1218 ⁷)
878 1132 1016 1217 Utrique
1036 1140 1143 1199 autem
1161 1134 1377 1201 Macedonum

202 1218 397 1307 patrociniis
417 1224 607 1289 utebantur:
639 1245 717 1288 nam
739 1223 912 1307 populares
935 1221 1191 1306 Polyperchonti
1213 1223 1379 1309 favebant,

205 1313 379 1395 optimates
395 1334 467 1377 eum
483 1309 666 1377 Cassandro
685 1311 879 1395 sentiebant,
893 1310 948 1394 qui
961 1315 1072 1375 tamen
1085 1333 1105 1374 a
1118 1310 1377 1395 Polyperchonte
1497 1372 1498 1399 ,

169 1400 393 1466 aMaeedonia
419 1402 533 1484 pulsus
563 1404 640 1466 erat.
686 1398 756 1476 Quo
783 1400 870 1464 facto
898 1400 1037 1483 populus
1067 1399 1212 1483 superior
1235 1397 1376 1488 factus⁸)

204 1488 300 1554 duces
324 1489 526 1555 adversariae
544 1488 698 1554 factionis
721 1488 837 1571 capitis
856 1487 1029 1552 damnatos
1052 1488 1160 1570 patria
1182 1489 1318 1572 pepulit,
1340 1489 1376 1552 in

204 1577 256 1642 his
279 1577 475 1643 Phocionem
500 1582 534 1642 et
555 1577 758 1642 Demetrium
776 1576 980 1657 Phalereum,
1003 1575 1105 1660 deque
1128 1597 1167 1641 ea
1189 1597 1224 1641 re
1247 1577 1376 1661 legatos

204 1666 245 1730 ad
267 1665 558 1751 Polyperchontem
587 1666 690 1747 misit,
719 1664 775 1748 qui
803 1665 843 1728 ab
867 1685 905 1728 eo
928 1668 1077 1747 peterent
1098 1667 1135 1728 ut
1165 1687 1223 1729 sua
1245 1665 1377 1730 decreta

167 1772 183 1820 3
204 1756 418 1819 confirmaret.
455 1753 578 1818 Eodem
593 1752 758 1836 profectus
778 1756 849 1816 erat
861 1751 1005 1817 Phocion
1025 1753 1076 1817 sui
1089 1750 1249 1837 purgandi
1269 1775 1376 1819 causa

205 1842 276 1920 Quo
295 1845 332 1905 ut
349 1843 447 1924 venit,
470 1862 601 1906 causam
620 1840 705 1925 apud
725 1839 913 1924 Philippum
930 1861 1041 1925 regem
1060 1841 1167 1919 verbo,
1191 1863 1225 1905 re
1245 1842 1376 1924 quidem

202 1930 275 2012 ipsa
303 1929 389 2013 apud
411 1929 705 2013 Polyperchontem
734 1930 841 1993 iussus
865 1932 916 1992 est
938 1928 1055 1993 dicere:
1085 1950 1224 2013 namque
1253 1931 1377 1995 istum

167 2017 288 2102 4regis
325 2016 422 2081 rebus
459 2022 616 2101 praeerat
676 2016 728 2081 Ab
759 2015 897 2101 Agnone
932 2017 1033 2100 igitur
1068 2022 1253 2097 aecusatus,
1290 2018 1377 2101 quod

203 2105 372 2169 Piraeeum
395 2104 550 2171 Nicanori
577 2105 787 2190 prodidisset,
814 2126 852 2169 ex
875 2106 1003 2170 consilii
1027 2106 1186 2171 sententia
1209 2106 1244 2170 in
1267 2111 1375 2172 custo·

203 2193 289 2258 diam
309 2193 487 2279 coniectus,
505 2193 579 2259 dein
593 2193 740 2259 Athenas
759 2192 915 2258 deductus
935 2196 993 2276 est,
1016 2198 1051 2258 ut
1067 2194 1115 2258 ibi
1134 2195 1172 2259 dc
1191 2215 1229 2259 eo
1246 2194 1377 2279 legibus

199 2283 292 2347 fieret
314 2281 478 2347 iudicium.

168 2402 199 2449 12
290 2369 348 2435 IV.
375 2370 425 2436 Eo
449 2371 504 2435 ubi
528 2373 719 2454 perventum
744 2372 806 2453 est,
837 2390 907 2434 cum
932 2372 1066 2453 propter
1090 2367 1262 2456 aetatem⁹)
1287 2369 1376 2453 pedi·

202 2460 263 2525 bus
286 2460 352 2524 iam
376 2482 441 2525 non
466 2460 588 2525 valeret
610 2457 823 2541 vehiculoque
846 2461 1041 2541 portaretur,
1063 2458 1176 2542 magni
1199 2480 1374 2524 concursus

203 2552 280 2613 sunt
294 2548 383 2630 facti,
402 2570 475 2612 cum
494 2547 559 2631 alii,
577 2546 821 2612 reminiscentes
839 2546 957 2610 veteris
971 2545 1087 2629 famae,
1106 2548 1225 2612 aetatis
1244 2548 1376 2612 misere·

202 2640 326 2720 rentur,
353 2637 485 2721 plurimi
508 2656 584 2700 vero
612 2635 662 2699 ira
690 2638 934 2716 exacuerentur,
967 2634 1053 2717 quod
1081 2634 1233 2700 adversus
1257 2637 1376 2721 populi

169 2725 370 2802 2eomm0da
393 2725 427 2788 in
452 2727 617 2801 senectute
642 2726 786 2788 steterat.
832 2722 881 2787 De
904 2721 1099 2805 proditionis
1125 2724 1309 2807 suspicione
1332 2745 1375 2787 ne

203 2813 379 2895 perorandi
394 2812 522 2895 quidem
542 2812 572 2876 ei
586 2811 663 2875 data
681 2816 732 2875 est
746 2811 884 2876 facultas
900 2810 1020 2874 dicenti
1039 2831 1171 2875 causam
1190 2812 1223 2875 in
1242 2811 1376 2877 iudicio:

202 2899 359 2983 legitimis
378 2899 570 2982 quibusdam
589 2898 686 2962 rebus
710 2898 866 2963 confectis
889 2898 1061 2963 damnatus
1083 2900 1221 2964 traditus
1241 2903 1293 2964 est
1315 2923 1375 2965 un·

203 2987 400 3071 decimviris,
428 2986 544 3069 quibus
569 2986 609 3049 ad
634 2986 826 3069 supplicium
852 3008 942 3051 more
966 2986 1215 3052 Atheniensium
1242 2988 1374 3071 publice

165 3109 181 3156 3
202 3076 350 3141 damnati
367 3074 452 3139 tradi
471 3075 585 3140 solent.
622 3071 704 3138 (lum
724 3079 832 3139 autem
851 3075 891 3139 ad
910 3078 1046 3139 mortem
1061 3074 1237 3159 duceretur,
1256 3076 1374 3141 obvius

201 3164 232 3228 ei
249 3163 314 3229 fuit
331 3163 537 3247 Euphiletus,
560 3184 623 3247 quo
647 3163 853 3228 familiariter
874 3161 982 3228 fuerat
1003 3185 1090 3228 usus.
1125 3163 1158 3228 Is
1182 3185 1255 3229 cum
1278 3164 1374 3228 lacri-

201 3273 295 3323 mans
323 3252 460 3316 dixisset
486 3250 518 3316 ‘o
542 3273 638 3335 quam
666 3251 801 3337 indigna
828 3251 1019 3337 perpeteris,
1044 3250 1218 3318 Phocionl'
1247 3253 1300 3317 ille
1325 3251 1375 3317 ‘at

237 3478 259 3549 ⁰)
283 3477 490 3550 Polyperchon,
527 3477 672 3532 Vormund
709 3477 758 3533 des
813 3477 927 3533 Stdtaen
955 3478 1002 3547 fur
1028 3478 1103 3533 scine
1132 3478 1228 3533 Macht
1260 3496 1293 3532 zu
1324 3493 1373 3549 ge-

199 3547 758 3618 KcnigsundlteichsverweserinMace·
811 3549 931 3603 winnen.

199 3620 302 3675 donien
323 3620 377 3677 seit
394 3620 557 3690 Antipaters
577 3619 654 3674 Todc
674 3623 757 3690 (319),
850 3620 870 3686 ⁷)
891 3620 988 3676 Dieser
1015 3620 1110 3674 fdhrtc
1137 3619 1262 3674 nachher
1289 3620 1374 3674 anter

198 3691 278 3746 hatte
306 3691 469 3761 Antipaters
500 3691 575 3746 Sohn
602 3689 758 3746 Cassander
812 3688 974 3758 Casander,
989 3690 1032 3745 als
1043 3689 1134 3744 dieser
1147 3690 1176 3744 in
1185 3688 1373 3744 Macedonian

199 3778 249 3816 aus
258 3760 443 3817 Macedonian
457 3761 610 3831 verdrAngt
623 3762 680 3816 und
695 3766 757 3830 318,
812 3779 861 3815 aur
879 3760 1044 3816 Herrschaft
1061 3759 1179 3830 gelangt
1203 3777 1273 3827 war,
1301 3762 1374 3816 aelm

199 3849 245 3886 um
260 3831 306 3885 die
319 3831 458 3887 Griechen
472 3833 532 3888 sich
548 3851 582 3886 au
595 3830 758 3902 verbinden,
811 3831 897 3886 Jahre
915 3831 963 3886 lan
1002 3834 1175 3899 (816-307)
1201 3832 1248 3885 ein
1265 3830 1373 3899 vielge·

197 3902 227 3956 in
245 3900 339 3956 Athen
361 3903 419 3957 und
442 3902 612 3958 anderwtrts
637 3902 683 3956 die
701 3920 757 3958 von
809 3902 951 3971 priesenes
996 3902 1120 3970 egiment
1141 3900 1172 3956 in
1190 3903 1298 3969 Athen,
1324 3900 1374 3957 bei

197 3972 346 4042 Antipater
382 3972 559 4043 eingelegten
597 3972 756 4028 macedoni·
810 3970 1037 4041 oligarchischen
1050 3971 1354 4041 Verfassungsformen.

198 4044 285 4098 sohen
307 4044 502 4113 Besatzungen
528 4042 756 4113 aurr‘ielrgeaogen
848 4043 870 4112 ⁸)
887 4042 945 4096 Das
959 4042 1070 4098 Nahars
1085 4043 1161 4098 siehe
1175 4041 1257 4097 Anm.
1268 4048 1293 4097 6.
1316 4040 1372 4098 Da·

197 4116 256 4169 und
283 4114 338 4169 den
366 4115 538 4170 verbannten
566 4114 757 4169 Demokraten
809 4112 949 4168 awisohen
977 4112 1025 4167 fiel
1047 4131 1105 4168 nun
1128 4115 1186 4168 erst
1211 4113 1257 4167 die
1285 4114 1374 4168 sehon

198 4185 244 4240 die
258 4184 411 4241 Rfieklrehr
426 4186 571 4256 gestattet.
601 4183 756 4239 Cassander
809 4185 952 4240 eruthnte
983 4182 1140 4239 Einnahme
1176 4183 1226 4238 des
1257 4182 1374 4240 Piraeus

198 4257 296 4312 suehte
315 4274 385 4325 nun,
406 4257 457 4313 eho
477 4272 507 4311 cr
524 4255 554 4311 in
571 4254 756 4310 Macedonian
809 4255 897 4310 durch
915 4253 1045 4311 Nicanor.

199 4327 303 4383 wieder
338 4327 457 4397 cultrat,
489 4328 519 4382 in
550 4324 755 4382 Griechenland
845 4327 867 4395 9)
885 4325 924 4381 Er
940 4343 999 4381 war
1017 4330 1052 4381 δῦ
1069 4325 1154 4381 Jahre
1173 4323 1222 4380 alt
