<?xml version="1.0" encoding="UTF-8"?>
<!DOCTYPE html PUBLIC "-//W3C//DTD XHTML 1.0 Transitional//EN"
    "http://www.w3.org/TR/xhtml1/DTD/xhtml1-transitional.dtd">
<html xmlns="http://www.w3.org/1999/xhtml" xml:lang="en" lang="en">
 <head>
  <title>
</title>
<meta http-equiv="Content-Type" content="text/html;charset=utf-8" />
  <meta name='ocr-system' content='tesseract 3.04.00' />
  <meta name='ocr-capabilities' content='ocr_page ocr_carea ocr_par ocr_line ocrx_word'/>
</head>
<body>
  <div class='ocr_page' id='page_1' title='image "./corneliinepotis00ortmgoog_0035.png"; bbox 0 0 3028 4908; ppageno 0'>
   <div class='ocr_carea' id='block_1_1' title="bbox 216 198 1001 263">
    <p class='ocr_par' dir='ltr' id='par_1_1' title="bbox 216 198 1001 263">
     <span class='ocr_line' id='line_1_1' title="bbox 216 198 1001 263; baseline 0.003 -11"><span class='ocrx_word' id='word_1_1' title='bbox 216 199 259 263; x_wconf 79' lang='grc'>22</span> <span class='ocrx_word' id='word_1_2' title='bbox 607 199 665 256; x_wconf 88' lang='lat' dir='ltr'>Vll.</span> <span class='ocrx_word' id='word_1_3' title='bbox 692 198 913 255; x_wconf 80' lang='lat' dir='ltr'>ALCIBIADES.</span> <span class='ocrx_word' id='word_1_4' title='bbox 936 206 961 254; x_wconf 85' lang='lat'>3.</span> <span class='ocrx_word' id='word_1_5' title='bbox 976 206 1001 254; x_wconf 87' lang='lat'>4.</span> 
     </span>
    </p>
   </div>
   <div class='ocr_carea' id='block_1_2' title="bbox 177 359 1392 3724">
    <p class='ocr_par' dir='ltr' id='par_1_2' title="bbox 179 359 1392 712">
     <span class='ocr_line' id='line_1_2' title="bbox 179 359 1391 447; baseline -0.001 -20"><span class='ocrx_word' id='word_1_6' title='bbox 179 361 393 427; x_wconf 78' lang='lat' dir='ltr'>aMerourius</span> <span class='ocrx_word' id='word_1_7' title='bbox 424 361 601 426; x_wconf 90' lang='lat' dir='ltr'>Andocidis</span> <span class='ocrx_word' id='word_1_8' title='bbox 631 359 876 447; x_wconf 80' lang='lat' dir='ltr'>vocitabatur⁶).</span> <span class='ocrx_word' id='word_1_9' title='bbox 921 361 993 426; x_wconf 92' lang='lat' dir='ltr'>Hoc</span> <span class='ocrx_word' id='word_1_10' title='bbox 1022 383 1093 426; x_wconf 89' lang='lat' dir='ltr'>oum</span> <span class='ocrx_word' id='word_1_11' title='bbox 1126 365 1296 445; x_wconf 77' lang='lat' dir='ltr'>appareret</span> <span class='ocrx_word' id='word_1_12' title='bbox 1323 383 1391 426; x_wconf 92' lang='lat' dir='ltr'>non</span> 
     </span>
     <span class='ocr_line' id='line_1_3' title="bbox 216 450 1392 534; baseline 0.001 -21"><span class='ocrx_word' id='word_1_13' title='bbox 216 451 284 514; x_wconf 89' lang='lat' dir='ltr'>sine</span> <span class='ocrx_word' id='word_1_14' title='bbox 311 470 432 534; x_wconf 85' lang='lat' dir='ltr'>magna</span> <span class='ocrx_word' id='word_1_15' title='bbox 455 450 631 514; x_wconf 91' lang='lat' dir='ltr'>multorum</span> <span class='ocrx_word' id='word_1_16' title='bbox 654 450 868 514; x_wconf 79' lang='lat' dir='ltr'>consensione</span> <span class='ocrx_word' id='word_1_17' title='bbox 891 472 961 515; x_wconf 88' lang='lat' dir='ltr'>esse</span> <span class='ocrx_word' id='word_1_18' title='bbox 984 450 1123 530; x_wconf 88' lang='lat' dir='ltr'>factum,</span> <span class='ocrx_word' id='word_1_19' title='bbox 1151 471 1233 533; x_wconf 90' lang='lat' dir='ltr'>quae</span> <span class='ocrx_word' id='word_1_20' title='bbox 1257 450 1297 513; x_wconf 90' lang='lat' dir='ltr'>ad</span> <span class='ocrx_word' id='word_1_21' title='bbox 1321 472 1392 514; x_wconf 90' lang='lat' dir='ltr'>rem</span> 
     </span>
     <span class='ocr_line' id='line_1_4' title="bbox 216 538 1390 623; baseline -0.001 -20"><span class='ocrx_word' id='word_1_22' title='bbox 216 539 381 622; x_wconf 85' lang='lat' dir='ltr'>publicam</span> <span class='ocrx_word' id='word_1_23' title='bbox 404 540 588 623; x_wconf 79' lang='lat' dir='ltr'>pertineret,</span> <span class='ocrx_word' id='word_1_24' title='bbox 611 558 748 621; x_wconf 90' lang='lat' dir='ltr'>magnus</span> <span class='ocrx_word' id='word_1_25' title='bbox 772 538 972 603; x_wconf 87' lang='lat' dir='ltr'>multitudini</span> <span class='ocrx_word' id='word_1_26' title='bbox 994 541 1093 603; x_wconf 90' lang='lat' dir='ltr'>timor</span> <span class='ocrx_word' id='word_1_27' title='bbox 1112 543 1163 601; x_wconf 90' lang='lat' dir='ltr'>est</span> <span class='ocrx_word' id='word_1_28' title='bbox 1180 538 1327 622; x_wconf 90' lang='lat' dir='ltr'>iniectus,</span> <span class='ocrx_word' id='word_1_29' title='bbox 1349 560 1390 603; x_wconf 91' lang='lat' dir='ltr'>ne</span> 
     </span>
     <span class='ocr_line' id='line_1_5' title="bbox 218 626 1392 712; baseline 0 -21"><span class='ocrx_word' id='word_1_30' title='bbox 218 649 282 712; x_wconf 90' lang='lat' dir='ltr'>qua</span> <span class='ocrx_word' id='word_1_31' title='bbox 304 629 473 710; x_wconf 91' lang='lat' dir='ltr'>repentina</span> <span class='ocrx_word' id='word_1_32' title='bbox 492 628 541 691; x_wconf 89' lang='lat' dir='ltr'>vis</span> <span class='ocrx_word' id='word_1_33' title='bbox 564 628 599 690; x_wconf 91' lang='lat' dir='ltr'>in</span> <span class='ocrx_word' id='word_1_34' title='bbox 622 627 753 691; x_wconf 89' lang='lat' dir='ltr'>civitate</span> <span class='ocrx_word' id='word_1_35' title='bbox 772 628 950 709; x_wconf 82' lang='lat' dir='ltr'>exsisteret,</span> <span class='ocrx_word' id='word_1_36' title='bbox 975 649 1056 710; x_wconf 89' lang='lat' dir='ltr'>qnae</span> <span class='ocrx_word' id='word_1_37' title='bbox 1080 626 1265 691; x_wconf 90' lang='lat' dir='ltr'>libertatem</span> <span class='ocrx_word' id='word_1_38' title='bbox 1284 629 1392 711; x_wconf 89' lang='lat' dir='ltr'>oppri-</span> 
     </span>
    </p>

    <p class='ocr_par' dir='ltr' id='par_1_3' title="bbox 180 714 1392 976">
     <span class='ocr_line' id='line_1_6' title="bbox 180 714 1392 801; baseline 0.001 -22"><span class='ocrx_word' id='word_1_39' title='bbox 180 719 327 780; x_wconf 84' lang='lat' dir='ltr'>4meret.</span> <span class='ocrx_word' id='word_1_40' title='bbox 375 719 481 800; x_wconf 82' lang='lat' dir='ltr'>Atque</span> <span class='ocrx_word' id='word_1_41' title='bbox 503 714 536 779; x_wconf 92' lang='lat' dir='ltr'>id</span> <span class='ocrx_word' id='word_1_42' title='bbox 561 715 699 779; x_wconf 83' lang='lat' dir='ltr'>maxime</span> <span class='ocrx_word' id='word_1_43' title='bbox 722 716 892 780; x_wconf 91' lang='lat' dir='ltr'>convenire</span> <span class='ocrx_word' id='word_1_44' title='bbox 919 717 954 780; x_wconf 92' lang='lat' dir='ltr'>in</span> <span class='ocrx_word' id='word_1_45' title='bbox 976 715 1179 781; x_wconf 78' lang='lat' dir='ltr'>Alcibiadem</span> <span class='ocrx_word' id='word_1_46' title='bbox 1210 715 1392 801; x_wconf 90' lang='lat' dir='ltr'>videbatur,</span> 
     </span>
     <span class='ocr_line' id='line_1_7' title="bbox 216 803 1392 890; baseline 0.002 -23"><span class='ocrx_word' id='word_1_47' title='bbox 216 804 302 887; x_wconf 91' lang='lat' dir='ltr'>quod</span> <span class='ocrx_word' id='word_1_48' title='bbox 330 808 362 868; x_wconf 90' lang='lat' dir='ltr'>et</span> <span class='ocrx_word' id='word_1_49' title='bbox 393 805 559 888; x_wconf 91' lang='lat' dir='ltr'>potentior</span> <span class='ocrx_word' id='word_1_50' title='bbox 587 810 620 868; x_wconf 89' lang='lat' dir='ltr'>et</span> <span class='ocrx_word' id='word_1_51' title='bbox 652 803 768 886; x_wconf 88' lang='lat' dir='ltr'>maior,</span> <span class='ocrx_word' id='word_1_52' title='bbox 797 826 895 888; x_wconf 89' lang='lat' dir='ltr'>quam</span> <span class='ocrx_word' id='word_1_53' title='bbox 921 808 959 868; x_wconf 92' lang='lat' dir='ltr'>ut</span> <span class='ocrx_word' id='word_1_54' title='bbox 990 804 1135 887; x_wconf 89' lang='lat' dir='ltr'>privatas</span> <span class='ocrx_word' id='word_1_55' title='bbox 1169 825 1238 869; x_wconf 91' lang='lat' dir='ltr'>esse</span> <span class='ocrx_word' id='word_1_56' title='bbox 1270 810 1392 890; x_wconf 90' lang='lat' dir='ltr'>posset,</span> 
     </span>
     <span class='ocr_line' id='line_1_8' title="bbox 217 892 1391 976; baseline 0.002 -20"><span class='ocrx_word' id='word_1_57' title='bbox 217 893 477 957; x_wconf 83' lang='lat' dir='ltr'>existimabatur:</span> <span class='ocrx_word' id='word_1_58' title='bbox 496 893 615 957; x_wconf 93' lang='lat' dir='ltr'>multos</span> <span class='ocrx_word' id='word_1_59' title='bbox 635 893 718 956; x_wconf 93' lang='lat' dir='ltr'>enim</span> <span class='ocrx_word' id='word_1_60' title='bbox 737 892 933 957; x_wconf 86' lang='lat' dir='ltr'>liberalitate</span> <span class='ocrx_word' id='word_1_61' title='bbox 947 892 1144 970; x_wconf 89' lang='lat' dir='ltr'>devinxerat,</span> <span class='ocrx_word' id='word_1_62' title='bbox 1161 893 1270 976; x_wconf 89' lang='lat' dir='ltr'>plures</span> <span class='ocrx_word' id='word_1_63' title='bbox 1291 894 1391 958; x_wconf 88' lang='lat' dir='ltr'>etiam</span> 
     </span>
    </p>

    <p class='ocr_par' dir='ltr' id='par_1_4' title="bbox 181 980 1392 1331">
     <span class='ocr_line' id='line_1_9' title="bbox 181 980 1392 1065; baseline 0.002 -20"><span class='ocrx_word' id='word_1_64' title='bbox 181 995 316 1063; x_wconf 76' lang='lat' dir='ltr'>topera</span> <span class='ocrx_word' id='word_1_65' title='bbox 345 981 465 1046; x_wconf 88' lang='lat' dir='ltr'>forensi</span> <span class='ocrx_word' id='word_1_66' title='bbox 497 1003 572 1045; x_wconf 88' lang='lat' dir='ltr'>suos</span> <span class='ocrx_word' id='word_1_67' title='bbox 601 980 800 1065; x_wconf 86' lang='lat' dir='ltr'>reddiderat,</span> <span class='ocrx_word' id='word_1_68' title='bbox 830 984 867 1045; x_wconf 90' lang='lat' dir='ltr'>ut</span> <span class='ocrx_word' id='word_1_69' title='bbox 897 982 1041 1046; x_wconf 92' lang='lat' dir='ltr'>omnium</span> <span class='ocrx_word' id='word_1_70' title='bbox 1071 981 1196 1064; x_wconf 90' lang='lat' dir='ltr'>oculos,</span> <span class='ocrx_word' id='word_1_71' title='bbox 1226 982 1392 1065; x_wconf 90' lang='lat' dir='ltr'>quotiens·</span> 
     </span>
     <span class='ocr_line' id='line_1_10' title="bbox 217 1068 1392 1155; baseline 0.001 -21"><span class='ocrx_word' id='word_1_72' title='bbox 217 1091 352 1153; x_wconf 91' lang='lat' dir='ltr'>cumque</span> <span class='ocrx_word' id='word_1_73' title='bbox 375 1071 408 1134; x_wconf 94' lang='lat' dir='ltr'>in</span> <span class='ocrx_word' id='word_1_74' title='bbox 432 1070 597 1152; x_wconf 88' lang='lat' dir='ltr'>publicum</span> <span class='ocrx_word' id='word_1_75' title='bbox 619 1068 789 1154; x_wconf 89' lang='lat' dir='ltr'>prodisset,</span> <span class='ocrx_word' id='word_1_76' title='bbox 814 1070 854 1133; x_wconf 94' lang='lat' dir='ltr'>ad</span> <span class='ocrx_word' id='word_1_77' title='bbox 877 1091 911 1133; x_wconf 93' lang='lat' dir='ltr'>se</span> <span class='ocrx_word' id='word_1_78' title='bbox 931 1073 1134 1134; x_wconf 88' lang='lat' dir='ltr'>converteret</span> <span class='ocrx_word' id='word_1_79' title='bbox 1156 1091 1259 1153; x_wconf 88' lang='lat' dir='ltr'>neque</span> <span class='ocrx_word' id='word_1_80' title='bbox 1278 1070 1307 1134; x_wconf 91' lang='lat' dir='ltr'>ei</span> <span class='ocrx_word' id='word_1_81' title='bbox 1331 1093 1392 1155; x_wconf 90' lang='lat' dir='ltr'>par</span> 
     </span>
     <span class='ocr_line' id='line_1_11' title="bbox 217 1157 1388 1244; baseline 0.002 -23"><span class='ocrx_word' id='word_1_82' title='bbox 217 1159 387 1242; x_wconf 88' lang='lat' dir='ltr'>quisquam</span> <span class='ocrx_word' id='word_1_83' title='bbox 419 1159 452 1222; x_wconf 94' lang='lat' dir='ltr'>in</span> <span class='ocrx_word' id='word_1_84' title='bbox 481 1158 613 1223; x_wconf 88' lang='lat' dir='ltr'>civitate</span> <span class='ocrx_word' id='word_1_85' title='bbox 641 1164 824 1240; x_wconf 84' lang='lat' dir='ltr'>poneretur.</span> <span class='ocrx_word' id='word_1_86' title='bbox 869 1157 984 1241; x_wconf 89' lang='lat' dir='ltr'>Itaque</span> <span class='ocrx_word' id='word_1_87' title='bbox 1011 1179 1077 1223; x_wconf 92' lang='lat' dir='ltr'>non</span> <span class='ocrx_word' id='word_1_88' title='bbox 1106 1159 1212 1222; x_wconf 90' lang='lat' dir='ltr'>solum</span> <span class='ocrx_word' id='word_1_89' title='bbox 1241 1159 1388 1244; x_wconf 88' lang='lat' dir='ltr'>spemin</span> 
     </span>
     <span class='ocr_line' id='line_1_12' title="bbox 215 1242 1389 1331; baseline 0.001 -21"><span class='ocrx_word' id='word_1_90' title='bbox 215 1243 284 1330; x_wconf 80' lang='lat' dir='ltr'>eo⁷)</span> <span class='ocrx_word' id='word_1_91' title='bbox 307 1247 474 1312; x_wconf 89' lang='lat' dir='ltr'>habebant</span> <span class='ocrx_word' id='word_1_92' title='bbox 501 1248 689 1330; x_wconf 87' lang='lat' dir='ltr'>maximam,</span> <span class='ocrx_word' id='word_1_93' title='bbox 713 1247 769 1310; x_wconf 92' lang='lat' dir='ltr'>sed</span> <span class='ocrx_word' id='word_1_94' title='bbox 793 1248 890 1311; x_wconf 90' lang='lat' dir='ltr'>etiam</span> <span class='ocrx_word' id='word_1_95' title='bbox 913 1246 1080 1329; x_wconf 91' lang='lat' dir='ltr'>timorem,</span> <span class='ocrx_word' id='word_1_96' title='bbox 1104 1247 1189 1331; x_wconf 90' lang='lat' dir='ltr'>quod</span> <span class='ocrx_word' id='word_1_97' title='bbox 1213 1242 1249 1311; x_wconf 77' lang='lat' dir='ltr'>et&#39;</span> <span class='ocrx_word' id='word_1_98' title='bbox 1274 1248 1389 1313; x_wconf 89' lang='lat' dir='ltr'>obesse</span> 
     </span>
    </p>

    <p class='ocr_par' dir='ltr' id='par_1_5' title="bbox 177 1334 1390 1684">
     <span class='ocr_line' id='line_1_13' title="bbox 177 1334 1390 1421; baseline 0.001 -23"><span class='ocrx_word' id='word_1_99' title='bbox 177 1334 387 1417; x_wconf 78' lang='lat' dir='ltr'>oplurimum</span> <span class='ocrx_word' id='word_1_100' title='bbox 416 1339 449 1399; x_wconf 89' lang='lat' dir='ltr'>et</span> <span class='ocrx_word' id='word_1_101' title='bbox 476 1335 629 1418; x_wconf 88' lang='lat' dir='ltr'>prodesse</span> <span class='ocrx_word' id='word_1_102' title='bbox 656 1339 795 1417; x_wconf 91' lang='lat' dir='ltr'>poterat.</span> <span class='ocrx_word' id='word_1_103' title='bbox 841 1336 1087 1419; x_wconf 86' lang='lat' dir='ltr'>Aspergebatur</span> <span class='ocrx_word' id='word_1_104' title='bbox 1118 1335 1215 1400; x_wconf 86' lang='lat' dir='ltr'>etiam</span> <span class='ocrx_word' id='word_1_105' title='bbox 1244 1335 1390 1421; x_wconf 89' lang='lat' dir='ltr'>infamia,</span> 
     </span>
     <span class='ocr_line' id='line_1_14' title="bbox 215 1423 1389 1508; baseline 0.001 -21"><span class='ocrx_word' id='word_1_106' title='bbox 215 1423 298 1507; x_wconf 93' lang='lat' dir='ltr'>quod</span> <span class='ocrx_word' id='word_1_107' title='bbox 321 1424 355 1488; x_wconf 91' lang='lat' dir='ltr'>in</span> <span class='ocrx_word' id='word_1_108' title='bbox 379 1425 474 1488; x_wconf 92' lang='lat' dir='ltr'>domo</span> <span class='ocrx_word' id='word_1_109' title='bbox 499 1446 559 1489; x_wconf 87' lang='lat' dir='ltr'>sua</span> <span class='ocrx_word' id='word_1_110' title='bbox 582 1424 685 1488; x_wconf 90' lang='lat' dir='ltr'>facere</span> <span class='ocrx_word' id='word_1_111' title='bbox 710 1424 866 1507; x_wconf 85' lang='lat' dir='ltr'>mysteria</span> <span class='ocrx_word' id='word_1_112' title='bbox 889 1424 1068 1489; x_wconf 84' lang='lat' dir='ltr'>dicebatur:</span> <span class='ocrx_word' id='word_1_113' title='bbox 1094 1424 1179 1508; x_wconf 91' lang='lat' dir='ltr'>quod</span> <span class='ocrx_word' id='word_1_114' title='bbox 1202 1424 1293 1488; x_wconf 89' lang='lat' dir='ltr'>nefas</span> <span class='ocrx_word' id='word_1_115' title='bbox 1318 1429 1389 1490; x_wconf 88' lang='lat' dir='ltr'>erat</span> 
     </span>
     <span class='ocr_line' id='line_1_15' title="bbox 215 1512 1389 1597; baseline 0.002 -21"><span class='ocrx_word' id='word_1_116' title='bbox 215 1534 304 1576; x_wconf 89' lang='lat' dir='ltr'>more</span> <span class='ocrx_word' id='word_1_117' title='bbox 323 1512 584 1596; x_wconf 87' lang='lat' dir='ltr'>Atheniensium,</span> <span class='ocrx_word' id='word_1_118' title='bbox 607 1512 703 1596; x_wconf 91' lang='lat' dir='ltr'>idque</span> <span class='ocrx_word' id='word_1_119' title='bbox 725 1534 791 1575; x_wconf 91' lang='lat' dir='ltr'>non</span> <span class='ocrx_word' id='word_1_120' title='bbox 816 1513 856 1576; x_wconf 90' lang='lat' dir='ltr'>ad</span> <span class='ocrx_word' id='word_1_121' title='bbox 879 1513 1082 1597; x_wconf 84' lang='lat' dir='ltr'>religionem,</span> <span class='ocrx_word' id='word_1_122' title='bbox 1106 1513 1161 1576; x_wconf 90' lang='lat' dir='ltr'>sed</span> <span class='ocrx_word' id='word_1_123' title='bbox 1181 1512 1222 1577; x_wconf 91' lang='lat' dir='ltr'>ad</span> <span class='ocrx_word' id='word_1_124' title='bbox 1245 1514 1389 1578; x_wconf 89' lang='lat' dir='ltr'>coniura-</span> 
     </span>
     <span class='ocr_line' id='line_1_16' title="bbox 214 1600 804 1684; baseline -0.002 -20"><span class='ocrx_word' id='word_1_125' title='bbox 214 1601 339 1665; x_wconf 88' lang='lat' dir='ltr'>tionem</span> <span class='ocrx_word' id='word_1_126' title='bbox 363 1603 524 1684; x_wconf 89' lang='lat' dir='ltr'>pertinere</span> <span class='ocrx_word' id='word_1_127' title='bbox 548 1600 804 1664; x_wconf 87' lang='lat' dir='ltr'>existimabatur.</span> 
     </span>
    </p>

    <p class='ocr_par' dir='ltr' id='par_1_6' title="bbox 179 1688 1391 2041">
     <span class='ocr_line' id='line_1_17' title="bbox 179 1688 1389 1772; baseline 0.004 -22"><span class='ocrx_word' id='word_1_128' title='bbox 179 1703 195 1750; x_wconf 89' lang='lat'>1</span> <span class='ocrx_word' id='word_1_129' title='bbox 304 1688 361 1755; x_wconf 89' lang='lat' dir='ltr'>IV.</span> <span class='ocrx_word' id='word_1_130' title='bbox 399 1690 469 1754; x_wconf 92' lang='lat' dir='ltr'>Hoc</span> <span class='ocrx_word' id='word_1_131' title='bbox 494 1689 629 1753; x_wconf 90' lang='lat' dir='ltr'>crimine</span> <span class='ocrx_word' id='word_1_132' title='bbox 651 1688 685 1751; x_wconf 94' lang='lat' dir='ltr'>in</span> <span class='ocrx_word' id='word_1_133' title='bbox 710 1689 860 1753; x_wconf 92' lang='lat' dir='ltr'>contione</span> <span class='ocrx_word' id='word_1_134' title='bbox 884 1690 924 1753; x_wconf 89' lang='lat' dir='ltr'>ab</span> <span class='ocrx_word' id='word_1_135' title='bbox 953 1689 1093 1753; x_wconf 92' lang='lat' dir='ltr'>inimicis</span> <span class='ocrx_word' id='word_1_136' title='bbox 1122 1690 1389 1772; x_wconf 85' lang='lat' dir='ltr'>compellabatur.</span> 
     </span>
     <span class='ocr_line' id='line_1_18' title="bbox 215 1775 1389 1860; baseline 0.003 -19"><span class='ocrx_word' id='word_1_137' title='bbox 215 1775 278 1841; x_wconf 84' lang='lat' dir='ltr'>Sed</span> <span class='ocrx_word' id='word_1_138' title='bbox 301 1778 446 1841; x_wconf 89' lang='lat' dir='ltr'>instabat</span> <span class='ocrx_word' id='word_1_139' title='bbox 473 1782 603 1860; x_wconf 90' lang='lat' dir='ltr'>tempus</span> <span class='ocrx_word' id='word_1_140' title='bbox 627 1776 667 1841; x_wconf 92' lang='lat' dir='ltr'>ad</span> <span class='ocrx_word' id='word_1_141' title='bbox 692 1776 813 1840; x_wconf 90' lang='lat' dir='ltr'>bellum</span> <span class='ocrx_word' id='word_1_142' title='bbox 836 1777 1069 1860; x_wconf 89' lang='lat' dir='ltr'>proficiscendi.</span> <span class='ocrx_word' id='word_1_143' title='bbox 1114 1777 1152 1841; x_wconf 89' lang='lat' dir='ltr'>Id</span> <span class='ocrx_word' id='word_1_144' title='bbox 1174 1777 1230 1843; x_wconf 90' lang='lat' dir='ltr'>ille</span> <span class='ocrx_word' id='word_1_145' title='bbox 1258 1778 1389 1844; x_wconf 90' lang='lat' dir='ltr'>intuens</span> 
     </span>
     <span class='ocr_line' id='line_1_19' title="bbox 216 1865 1389 1951; baseline 0.003 -24"><span class='ocrx_word' id='word_1_146' title='bbox 216 1886 318 1947; x_wconf 89' lang='lat' dir='ltr'>neque</span> <span class='ocrx_word' id='word_1_147' title='bbox 350 1867 506 1950; x_wconf 87' lang='lat' dir='ltr'>ignorans</span> <span class='ocrx_word' id='word_1_148' title='bbox 535 1867 651 1930; x_wconf 91' lang='lat' dir='ltr'>civium</span> <span class='ocrx_word' id='word_1_149' title='bbox 681 1886 813 1930; x_wconf 90' lang='lat' dir='ltr'>suorum</span> <span class='ocrx_word' id='word_1_150' title='bbox 840 1865 1105 1930; x_wconf 83' lang='lat' dir='ltr'>consuetudinem</span> <span class='ocrx_word' id='word_1_151' title='bbox 1127 1866 1331 1951; x_wconf 88' lang='lat' dir='ltr'>postulabat,</span> <span class='ocrx_word' id='word_1_152' title='bbox 1362 1869 1389 1931; x_wconf 88' lang='lat' dir='ltr'>si</span> 
     </span>
     <span class='ocr_line' id='line_1_20' title="bbox 217 1952 1391 2041; baseline 0.004 -25"><span class='ocrx_word' id='word_1_153' title='bbox 217 1952 293 2036; x_wconf 94' lang='lat' dir='ltr'>quid</span> <span class='ocrx_word' id='word_1_154' title='bbox 317 1953 356 2018; x_wconf 94' lang='lat' dir='ltr'>de</span> <span class='ocrx_word' id='word_1_155' title='bbox 377 1976 411 2019; x_wconf 90' lang='lat' dir='ltr'>se</span> <span class='ocrx_word' id='word_1_156' title='bbox 435 1954 489 2040; x_wconf 89' lang='lat' dir='ltr'>agi</span> <span class='ocrx_word' id='word_1_157' title='bbox 507 1955 636 2036; x_wconf 89' lang='lat' dir='ltr'>vellent,</span> <span class='ocrx_word' id='word_1_158' title='bbox 660 1955 768 2037; x_wconf 91' lang='lat' dir='ltr'>potius</span> <span class='ocrx_word' id='word_1_159' title='bbox 787 1954 826 2018; x_wconf 96' lang='lat' dir='ltr'>de</span> <span class='ocrx_word' id='word_1_160' title='bbox 849 1958 1020 2037; x_wconf 83' lang='lat' dir='ltr'>praesente</span> <span class='ocrx_word' id='word_1_161' title='bbox 1039 1955 1186 2038; x_wconf 90' lang='lat' dir='ltr'>quaestio</span> <span class='ocrx_word' id='word_1_162' title='bbox 1205 1953 1391 2041; x_wconf 88' lang='lat' dir='ltr'>haberetur,</span> 
     </span>
    </p>

    <p class='ocr_par' dir='ltr' id='par_1_7' title="bbox 179 2041 1389 2304">
     <span class='ocr_line' id='line_1_21' title="bbox 179 2041 1388 2125; baseline 0.004 -21"><span class='ocrx_word' id='word_1_163' title='bbox 179 2055 314 2125; x_wconf 75' lang='lat' dir='ltr'>aquam</span> <span class='ocrx_word' id='word_1_164' title='bbox 339 2043 455 2107; x_wconf 83' lang='lat' dir='ltr'>absens</span> <span class='ocrx_word' id='word_1_165' title='bbox 483 2042 624 2107; x_wconf 91' lang='lat' dir='ltr'>invidiae</span> <span class='ocrx_word' id='word_1_166' title='bbox 648 2041 781 2107; x_wconf 90' lang='lat' dir='ltr'>crimine</span> <span class='ocrx_word' id='word_1_167' title='bbox 805 2047 1018 2107; x_wconf 88' lang='lat' dir='ltr'>accusaretur.</span> <span class='ocrx_word' id='word_1_168' title='bbox 1063 2042 1192 2107; x_wconf 90' lang='lat' dir='ltr'>Inimici</span> <span class='ocrx_word' id='word_1_169' title='bbox 1221 2066 1295 2109; x_wconf 91' lang='lat' dir='ltr'>vero</span> <span class='ocrx_word' id='word_1_170' title='bbox 1321 2046 1388 2109; x_wconf 90' lang='lat' dir='ltr'>aius</span> 
     </span>
     <span class='ocr_line' id='line_1_22' title="bbox 215 2129 1389 2218; baseline 0.003 -24"><span class='ocrx_word' id='word_1_171' title='bbox 215 2131 442 2214; x_wconf 89' lang='lat' dir='ltr'>quiescendum</span> <span class='ocrx_word' id='word_1_172' title='bbox 451 2129 487 2217; x_wconf 81' lang='lat'>⁸),</span> <span class='ocrx_word' id='word_1_173' title='bbox 506 2132 582 2216; x_wconf 90' lang='lat' dir='ltr'>quia</span> <span class='ocrx_word' id='word_1_174' title='bbox 604 2131 715 2196; x_wconf 88' lang='lat' dir='ltr'>noceri</span> <span class='ocrx_word' id='word_1_175' title='bbox 734 2132 764 2195; x_wconf 92' lang='lat' dir='ltr'>ei</span> <span class='ocrx_word' id='word_1_176' title='bbox 782 2153 849 2196; x_wconf 92' lang='lat' dir='ltr'>non</span> <span class='ocrx_word' id='word_1_177' title='bbox 868 2153 964 2218; x_wconf 92' lang='lat' dir='ltr'>posse</span> <span class='ocrx_word' id='word_1_178' title='bbox 983 2131 1226 2216; x_wconf 83' lang='lat' dir='ltr'>intellegebant,</span> <span class='ocrx_word' id='word_1_179' title='bbox 1250 2137 1283 2196; x_wconf 93' lang='lat' dir='ltr'>et</span> <span class='ocrx_word' id='word_1_180' title='bbox 1305 2133 1389 2197; x_wconf 93' lang='lat' dir='ltr'>illud</span> 
     </span>
     <span class='ocr_line' id='line_1_23' title="bbox 214 2220 1389 2304; baseline 0.005 -23"><span class='ocrx_word' id='word_1_181' title='bbox 214 2226 341 2303; x_wconf 90' lang='lat' dir='ltr'>tempus</span> <span class='ocrx_word' id='word_1_182' title='bbox 365 2221 617 2304; x_wconf 89' lang='lat' dir='ltr'>exspectandum</span> <span class='ocrx_word' id='word_1_183' title='bbox 640 2221 864 2304; x_wconf 89' lang='lat' dir='ltr'>decreverunt,</span> <span class='ocrx_word' id='word_1_184' title='bbox 887 2242 949 2304; x_wconf 90' lang='lat' dir='ltr'>quo</span> <span class='ocrx_word' id='word_1_185' title='bbox 974 2220 1088 2284; x_wconf 89' lang='lat' dir='ltr'>classis</span> <span class='ocrx_word' id='word_1_186' title='bbox 1112 2221 1245 2304; x_wconf 86' lang='lat' dir='ltr'>exisset,</span> <span class='ocrx_word' id='word_1_187' title='bbox 1272 2226 1310 2284; x_wconf 90' lang='lat' dir='ltr'>ut</span> <span class='ocrx_word' id='word_1_188' title='bbox 1333 2224 1389 2287; x_wconf 88' lang='lat' dir='ltr'>ab·</span> 
     </span>
    </p>

    <p class='ocr_par' dir='ltr' id='par_1_8' title="bbox 178 2306 1390 3191">
     <span class='ocr_line' id='line_1_24' title="bbox 179 2306 1389 2394; baseline 0.004 -26"><span class='ocrx_word' id='word_1_189' title='bbox 179 2313 340 2373; x_wconf 77' lang='lat' dir='ltr'>asentem</span> <span class='ocrx_word' id='word_1_190' title='bbox 369 2308 638 2394; x_wconf 85' lang='lat' dir='ltr'>aggrederentur,</span> <span class='ocrx_word' id='word_1_191' title='bbox 661 2310 771 2392; x_wconf 89' lang='lat' dir='ltr'>itaque</span> <span class='ocrx_word' id='word_1_192' title='bbox 799 2307 953 2374; x_wconf 88' lang='lat' dir='ltr'>fecerant.</span> <span class='ocrx_word' id='word_1_193' title='bbox 998 2306 1085 2372; x_wconf 90' lang='lat' dir='ltr'>Nam</span> <span class='ocrx_word' id='word_1_194' title='bbox 1112 2316 1286 2393; x_wconf 90' lang='lat' dir='ltr'>postquam</span> <span class='ocrx_word' id='word_1_195' title='bbox 1311 2308 1389 2375; x_wconf 81' lang='lat' dir='ltr'>Sici-</span> 
     </span>
     <span class='ocr_line' id='line_1_25' title="bbox 214 2396 1389 2481; baseline 0.004 -23"><span class='ocrx_word' id='word_1_196' title='bbox 214 2396 292 2461; x_wconf 92' lang='lat' dir='ltr'>liam</span> <span class='ocrx_word' id='word_1_197' title='bbox 321 2419 393 2462; x_wconf 92' lang='lat' dir='ltr'>eum</span> <span class='ocrx_word' id='word_1_198' title='bbox 421 2398 606 2480; x_wconf 89' lang='lat' dir='ltr'>pervenisse</span> <span class='ocrx_word' id='word_1_199' title='bbox 637 2397 855 2477; x_wconf 90' lang='lat' dir='ltr'>crediderunt,</span> <span class='ocrx_word' id='word_1_200' title='bbox 884 2398 1067 2478; x_wconf 86' lang='lat' dir='ltr'>absentem,</span> <span class='ocrx_word' id='word_1_201' title='bbox 1091 2399 1175 2481; x_wconf 91' lang='lat' dir='ltr'>quod</span> <span class='ocrx_word' id='word_1_202' title='bbox 1205 2421 1298 2462; x_wconf 91' lang='lat' dir='ltr'>sacra</span> <span class='ocrx_word' id='word_1_203' title='bbox 1321 2399 1389 2463; x_wconf 91' lang='lat' dir='ltr'>vio·</span> 
     </span>
     <span class='ocr_line' id='line_1_26' title="bbox 214 2483 1389 2574; baseline 0.003 -26"><span class='ocrx_word' id='word_1_204' title='bbox 214 2485 323 2568; x_wconf 89' lang='lat' dir='ltr'>lasset,</span> <span class='ocrx_word' id='word_1_205' title='bbox 341 2509 431 2551; x_wconf 90' lang='lat' dir='ltr'>reum</span> <span class='ocrx_word' id='word_1_206' title='bbox 452 2487 605 2552; x_wconf 81' lang='lat' dir='ltr'>fecerunt.</span> <span class='ocrx_word' id='word_1_207' title='bbox 634 2484 705 2561; x_wconf 84' lang='lat' dir='ltr'>Qua</span> <span class='ocrx_word' id='word_1_208' title='bbox 720 2486 758 2550; x_wconf 93' lang='lat' dir='ltr'>de</span> <span class='ocrx_word' id='word_1_209' title='bbox 778 2507 900 2550; x_wconf 90' lang='lat' dir='ltr'>recum</span> <span class='ocrx_word' id='word_1_210' title='bbox 919 2487 948 2550; x_wconf 92' lang='lat' dir='ltr'>ei</span> <span class='ocrx_word' id='word_1_211' title='bbox 968 2488 1101 2550; x_wconf 91' lang='lat' dir='ltr'>nuntius</span> <span class='ocrx_word' id='word_1_212' title='bbox 1122 2509 1141 2549; x_wconf 92' lang='lat' dir='ltr'>a</span> <span class='ocrx_word' id='word_1_213' title='bbox 1160 2483 1389 2574; x_wconf 80' lang='lat' dir='ltr'>magistratu⁹)</span> 
     </span>
     <span class='ocr_line' id='line_1_27' title="bbox 214 2572 1389 2660; baseline 0.003 -24"><span class='ocrx_word' id='word_1_214' title='bbox 214 2576 247 2637; x_wconf 92' lang='lat' dir='ltr'>in</span> <span class='ocrx_word' id='word_1_215' title='bbox 271 2572 416 2639; x_wconf 87' lang='lat' dir='ltr'>Siciliam</span> <span class='ocrx_word' id='word_1_216' title='bbox 441 2578 560 2640; x_wconf 89' lang='lat' dir='ltr'>missus</span> <span class='ocrx_word' id='word_1_217' title='bbox 580 2580 675 2660; x_wconf 89' lang='lat' dir='ltr'>esset,</span> <span class='ocrx_word' id='word_1_218' title='bbox 698 2580 735 2639; x_wconf 88' lang='lat' dir='ltr'>nt</span> <span class='ocrx_word' id='word_1_219' title='bbox 758 2573 890 2639; x_wconf 90' lang='lat' dir='ltr'>domum</span> <span class='ocrx_word' id='word_1_220' title='bbox 915 2575 955 2637; x_wconf 90' lang='lat' dir='ltr'>ad</span> <span class='ocrx_word' id='word_1_221' title='bbox 974 2596 1106 2639; x_wconf 88' lang='lat' dir='ltr'>causam</span> <span class='ocrx_word' id='word_1_222' title='bbox 1125 2575 1294 2639; x_wconf 89' lang='lat' dir='ltr'>dicendam</span> <span class='ocrx_word' id='word_1_223' title='bbox 1317 2576 1389 2640; x_wconf 91' lang='lat' dir='ltr'>red-</span> 
     </span>
     <span class='ocr_line' id='line_1_28' title="bbox 214 2663 1390 2747; baseline 0.003 -22"><span class='ocrx_word' id='word_1_224' title='bbox 214 2664 289 2746; x_wconf 90' lang='lat' dir='ltr'>iret,</span> <span class='ocrx_word' id='word_1_225' title='bbox 317 2669 465 2747; x_wconf 88' lang='lat' dir='ltr'>essetque</span> <span class='ocrx_word' id='word_1_226' title='bbox 492 2666 526 2728; x_wconf 92' lang='lat' dir='ltr'>in</span> <span class='ocrx_word' id='word_1_227' title='bbox 554 2684 675 2747; x_wconf 87' lang='lat' dir='ltr'>magna</span> <span class='ocrx_word' id='word_1_228' title='bbox 698 2684 754 2747; x_wconf 90' lang='lat' dir='ltr'>spe</span> <span class='ocrx_word' id='word_1_229' title='bbox 778 2664 965 2747; x_wconf 90' lang='lat' dir='ltr'>provinciae</span> <span class='ocrx_word' id='word_1_230' title='bbox 992 2663 1076 2727; x_wconf 92' lang='lat' dir='ltr'>bene</span> <span class='ocrx_word' id='word_1_231' title='bbox 1107 2663 1390 2743; x_wconf 87' lang='lat' dir='ltr'>administrandae,</span> 
     </span>
     <span class='ocr_line' id='line_1_29' title="bbox 214 2751 1389 2836; baseline 0.005 -23"><span class='ocrx_word' id='word_1_232' title='bbox 214 2772 279 2814; x_wconf 95' lang='lat' dir='ltr'>non</span> <span class='ocrx_word' id='word_1_233' title='bbox 308 2773 421 2834; x_wconf 91' lang='lat' dir='ltr'>parere</span> <span class='ocrx_word' id='word_1_234' title='bbox 448 2752 553 2816; x_wconf 90' lang='lat' dir='ltr'>noluit</span> <span class='ocrx_word' id='word_1_235' title='bbox 580 2759 613 2815; x_wconf 89' lang='lat' dir='ltr'>et</span> <span class='ocrx_word' id='word_1_236' title='bbox 642 2752 676 2814; x_wconf 93' lang='lat' dir='ltr'>in</span> <span class='ocrx_word' id='word_1_237' title='bbox 703 2752 882 2833; x_wconf 89' lang='lat' dir='ltr'>triremem,</span> <span class='ocrx_word' id='word_1_238' title='bbox 907 2773 988 2835; x_wconf 88' lang='lat' dir='ltr'>quae</span> <span class='ocrx_word' id='word_1_239' title='bbox 1017 2751 1154 2815; x_wconf 87' lang='lat' dir='ltr'>adeum</span> <span class='ocrx_word' id='word_1_240' title='bbox 1184 2757 1254 2817; x_wconf 88' lang='lat' dir='ltr'>erat</span> <span class='ocrx_word' id='word_1_241' title='bbox 1276 2753 1389 2836; x_wconf 91' lang='lat' dir='ltr'>depor-</span> 
     </span>
     <span class='ocr_line' id='line_1_30' title="bbox 178 2838 1390 2926; baseline 0.006 -26"><span class='ocrx_word' id='word_1_242' title='bbox 178 2838 350 2902; x_wconf 81' lang='lat' dir='ltr'>4tandum</span> <span class='ocrx_word' id='word_1_243' title='bbox 378 2841 491 2924; x_wconf 88' lang='lat' dir='ltr'>missa,</span> <span class='ocrx_word' id='word_1_244' title='bbox 519 2839 671 2904; x_wconf 89' lang='lat' dir='ltr'>ascendit.</span> <span class='ocrx_word' id='word_1_245' title='bbox 716 2839 788 2903; x_wconf 93' lang='lat' dir='ltr'>Hac</span> <span class='ocrx_word' id='word_1_246' title='bbox 817 2839 958 2904; x_wconf 84' lang='lat' dir='ltr'>Thurios</span> <span class='ocrx_word' id='word_1_247' title='bbox 987 2840 1022 2903; x_wconf 91' lang='lat' dir='ltr'>in</span> <span class='ocrx_word' id='word_1_248' title='bbox 1050 2838 1180 2904; x_wconf 89' lang='lat' dir='ltr'>Italiam</span> <span class='ocrx_word' id='word_1_249' title='bbox 1210 2849 1390 2926; x_wconf 90' lang='lat' dir='ltr'>pervectus,</span> 
     </span>
     <span class='ocr_line' id='line_1_31' title="bbox 216 2927 1390 3010; baseline 0.004 -20"><span class='ocrx_word' id='word_1_250' title='bbox 216 2927 322 2991; x_wconf 91' lang='lat' dir='ltr'>multa</span> <span class='ocrx_word' id='word_1_251' title='bbox 345 2950 453 2992; x_wconf 90' lang='lat' dir='ltr'>secum</span> <span class='ocrx_word' id='word_1_252' title='bbox 475 2932 630 3010; x_wconf 90' lang='lat' dir='ltr'>reputans</span> <span class='ocrx_word' id='word_1_253' title='bbox 654 2928 692 2991; x_wconf 91' lang='lat' dir='ltr'>de</span> <span class='ocrx_word' id='word_1_254' title='bbox 716 2928 928 2993; x_wconf 87' lang='lat' dir='ltr'>immoderata</span> <span class='ocrx_word' id='word_1_255' title='bbox 951 2929 1070 2992; x_wconf 89' lang='lat' dir='ltr'>civium</span> <span class='ocrx_word' id='word_1_256' title='bbox 1098 2951 1229 2993; x_wconf 89' lang='lat' dir='ltr'>suorum</span> <span class='ocrx_word' id='word_1_257' title='bbox 1258 2929 1390 2995; x_wconf 90' lang='lat' dir='ltr'>licentia</span> 
     </span>
     <span class='ocr_line' id='line_1_32' title="bbox 216 3016 1390 3100; baseline 0.003 -21"><span class='ocrx_word' id='word_1_258' title='bbox 216 3016 467 3099; x_wconf 88' lang='lat' dir='ltr'>crudelitateque</span> <span class='ocrx_word' id='word_1_259' title='bbox 491 3017 525 3080; x_wconf 93' lang='lat' dir='ltr'>in</span> <span class='ocrx_word' id='word_1_260' title='bbox 547 3017 685 3098; x_wconf 91' lang='lat' dir='ltr'>nobiles,</span> <span class='ocrx_word' id='word_1_261' title='bbox 708 3016 916 3081; x_wconf 89' lang='lat' dir='ltr'>utilissimum</span> <span class='ocrx_word' id='word_1_262' title='bbox 942 3021 1033 3081; x_wconf 88' lang='lat' dir='ltr'>ratus</span> <span class='ocrx_word' id='word_1_263' title='bbox 1057 3017 1300 3100; x_wconf 89' lang='lat' dir='ltr'>impendentem</span> <span class='ocrx_word' id='word_1_264' title='bbox 1324 3019 1390 3083; x_wconf 91' lang='lat' dir='ltr'>evi-</span> 
     </span>
     <span class='ocr_line' id='line_1_33' title="bbox 216 3105 1389 3191; baseline 0.003 -23"><span class='ocrx_word' id='word_1_265' title='bbox 216 3114 286 3168; x_wconf 91' lang='lat' dir='ltr'>tare</span> <span class='ocrx_word' id='word_1_266' title='bbox 309 3108 537 3187; x_wconf 90' lang='lat' dir='ltr'>tempestatem</span> <span class='ocrx_word' id='word_1_267' title='bbox 561 3107 644 3169; x_wconf 90' lang='lat' dir='ltr'>clam</span> <span class='ocrx_word' id='word_1_268' title='bbox 664 3128 698 3169; x_wconf 89' lang='lat' dir='ltr'>se</span> <span class='ocrx_word' id='word_1_269' title='bbox 718 3105 759 3169; x_wconf 90' lang='lat' dir='ltr'>ab</span> <span class='ocrx_word' id='word_1_270' title='bbox 784 3105 971 3170; x_wconf 87' lang='lat' dir='ltr'>custodibus</span> <span class='ocrx_word' id='word_1_271' title='bbox 995 3105 1149 3169; x_wconf 91' lang='lat' dir='ltr'>subduxit</span> <span class='ocrx_word' id='word_1_272' title='bbox 1171 3111 1205 3169; x_wconf 90' lang='lat' dir='ltr'>et</span> <span class='ocrx_word' id='word_1_273' title='bbox 1226 3106 1300 3170; x_wconf 92' lang='lat' dir='ltr'>inde</span> <span class='ocrx_word' id='word_1_274' title='bbox 1324 3110 1389 3191; x_wconf 95' lang='lat' dir='ltr'>pri·</span> 
     </span>
    </p>

    <p class='ocr_par' dir='ltr' id='par_1_9' title="bbox 179 3190 1389 3635">
     <span class='ocr_line' id='line_1_34' title="bbox 179 3190 1389 3280; baseline 0.004 -26"><span class='ocrx_word' id='word_1_275' title='bbox 179 3204 196 3253; x_wconf 80' lang='lat' dir='ltr'>o</span> <span class='ocrx_word' id='word_1_276' title='bbox 216 3215 303 3256; x_wconf 92' lang='lat' dir='ltr'>mum</span> <span class='ocrx_word' id='word_1_277' title='bbox 323 3192 460 3276; x_wconf 82' lang='lat' dir='ltr'>Elidem,</span> <span class='ocrx_word' id='word_1_278' title='bbox 479 3195 553 3259; x_wconf 91' lang='lat' dir='ltr'>dein</span> <span class='ocrx_word' id='word_1_279' title='bbox 570 3190 747 3280; x_wconf 64' lang='lat' dir='ltr'>Thebasw)</span> <span class='ocrx_word' id='word_1_280' title='bbox 768 3194 865 3258; x_wconf 91' lang='lat' dir='ltr'>venit.</span> <span class='ocrx_word' id='word_1_281' title='bbox 894 3193 1069 3278; x_wconf 88' lang='lat' dir='ltr'>Postquam</span> <span class='ocrx_word' id='word_1_282' title='bbox 1089 3199 1197 3258; x_wconf 88' lang='lat' dir='ltr'>autem</span> <span class='ocrx_word' id='word_1_283' title='bbox 1218 3216 1253 3259; x_wconf 89' lang='lat' dir='ltr'>se</span> <span class='ocrx_word' id='word_1_284' title='bbox 1271 3196 1389 3278; x_wconf 89' lang='lat' dir='ltr'>capitis</span> 
     </span>
     <span class='ocr_line' id='line_1_35' title="bbox 215 3281 1389 3366; baseline 0.004 -22"><span class='ocrx_word' id='word_1_285' title='bbox 215 3281 402 3346; x_wconf 89' lang='lat' dir='ltr'>damnatum</span> <span class='ocrx_word' id='word_1_286' title='bbox 421 3283 515 3347; x_wconf 88' lang='lat' dir='ltr'>bonis</span> <span class='ocrx_word' id='word_1_287' title='bbox 534 3282 709 3366; x_wconf 90' lang='lat' dir='ltr'>publicatis</span> <span class='ocrx_word' id='word_1_288' title='bbox 730 3281 862 3364; x_wconf 90' lang='lat' dir='ltr'>audivit,</span> <span class='ocrx_word' id='word_1_289' title='bbox 880 3287 922 3365; x_wconf 91' lang='lat' dir='ltr'>et,</span> <span class='ocrx_word' id='word_1_290' title='bbox 949 3282 981 3346; x_wconf 93' lang='lat' dir='ltr'>id</span> <span class='ocrx_word' id='word_1_291' title='bbox 1001 3281 1087 3365; x_wconf 92' lang='lat' dir='ltr'>quod</span> <span class='ocrx_word' id='word_1_292' title='bbox 1105 3304 1270 3366; x_wconf 89' lang='lat' dir='ltr'>nunquam</span> <span class='ocrx_word' id='word_1_293' title='bbox 1291 3289 1389 3349; x_wconf 90' lang='lat' dir='ltr'>antea</span> 
     </span>
     <span class='ocr_line' id='line_1_36' title="bbox 215 3369 1388 3455; baseline 0.003 -21"><span class='ocrx_word' id='word_1_294' title='bbox 215 3392 276 3434; x_wconf 90' lang='lat' dir='ltr'>usu</span> <span class='ocrx_word' id='word_1_295' title='bbox 296 3375 438 3454; x_wconf 88' lang='lat' dir='ltr'>venerat,</span> <span class='ocrx_word' id='word_1_296' title='bbox 456 3370 672 3455; x_wconf 83' lang='lat' dir='ltr'>Eumolpidas</span> <span class='ocrx_word' id='word_1_297' title='bbox 696 3369 879 3435; x_wconf 90' lang='lat' dir='ltr'>sacerdotes</span> <span class='ocrx_word' id='word_1_298' title='bbox 899 3393 918 3434; x_wconf 91' lang='lat' dir='ltr'>a</span> <span class='ocrx_word' id='word_1_299' title='bbox 935 3371 1058 3455; x_wconf 87' lang='lat' dir='ltr'>populo</span> <span class='ocrx_word' id='word_1_300' title='bbox 1077 3376 1206 3435; x_wconf 89' lang='lat' dir='ltr'>coactos</span> <span class='ocrx_word' id='word_1_301' title='bbox 1225 3375 1262 3436; x_wconf 90' lang='lat' dir='ltr'>ut</span> <span class='ocrx_word' id='word_1_302' title='bbox 1281 3393 1315 3434; x_wconf 88' lang='lat' dir='ltr'>se</span> <span class='ocrx_word' id='word_1_303' title='bbox 1335 3372 1388 3437; x_wconf 91' lang='lat' dir='ltr'>de·</span> 
     </span>
     <span class='ocr_line' id='line_1_37' title="bbox 214 3459 1389 3545; baseline 0.002 -22"><span class='ocrx_word' id='word_1_304' title='bbox 214 3464 377 3543; x_wconf 87' lang='lat' dir='ltr'>voverent,</span> <span class='ocrx_word' id='word_1_305' title='bbox 395 3461 527 3544; x_wconf 91' lang='lat' dir='ltr'>eiusque</span> <span class='ocrx_word' id='word_1_306' title='bbox 543 3459 726 3524; x_wconf 90' lang='lat' dir='ltr'>devotionis</span> <span class='ocrx_word' id='word_1_307' title='bbox 741 3482 806 3543; x_wconf 90' lang='lat' dir='ltr'>qno</span> <span class='ocrx_word' id='word_1_308' title='bbox 824 3461 977 3524; x_wconf 88' lang='lat' dir='ltr'>testatior</span> <span class='ocrx_word' id='word_1_309' title='bbox 996 3463 1083 3524; x_wconf 89' lang='lat' dir='ltr'>esset</span> <span class='ocrx_word' id='word_1_310' title='bbox 1102 3461 1269 3545; x_wconf 89' lang='lat' dir='ltr'>memoria,</span> <span class='ocrx_word' id='word_1_311' title='bbox 1284 3482 1389 3525; x_wconf 89' lang='lat' dir='ltr'>exem·</span> 
     </span>
     <span class='ocr_line' id='line_1_38' title="bbox 214 3548 1387 3635; baseline 0.001 -23"><span class='ocrx_word' id='word_1_312' title='bbox 214 3549 304 3631; x_wconf 91' lang='lat' dir='ltr'>plum</span> <span class='ocrx_word' id='word_1_313' title='bbox 328 3552 362 3613; x_wconf 93' lang='lat' dir='ltr'>in</span> <span class='ocrx_word' id='word_1_314' title='bbox 391 3550 459 3632; x_wconf 93' lang='lat' dir='ltr'>pila</span> <span class='ocrx_word' id='word_1_315' title='bbox 485 3549 613 3635; x_wconf 90' lang='lat' dir='ltr'>lapidea</span> <span class='ocrx_word' id='word_1_316' title='bbox 640 3549 776 3613; x_wconf 91' lang='lat' dir='ltr'>incisum</span> <span class='ocrx_word' id='word_1_317' title='bbox 801 3570 871 3613; x_wconf 85' lang='lat' dir='ltr'>esse</span> <span class='ocrx_word' id='word_1_318' title='bbox 894 3550 1038 3632; x_wconf 92' lang='lat' dir='ltr'>positum</span> <span class='ocrx_word' id='word_1_319' title='bbox 1061 3548 1096 3612; x_wconf 94' lang='lat' dir='ltr'>in</span> <span class='ocrx_word' id='word_1_320' title='bbox 1118 3549 1264 3632; x_wconf 90' lang='lat' dir='ltr'>publico,</span> <span class='ocrx_word' id='word_1_321' title='bbox 1289 3549 1387 3614; x_wconf 79' lang='lat' dir='ltr'>Lace</span> 
     </span>
    </p>

    <p class='ocr_par' dir='ltr' id='par_1_10' title="bbox 179 3636 1390 3724">
     <span class='ocr_line' id='line_1_39' title="bbox 179 3636 1390 3724; baseline 0.006 -29"><span class='ocrx_word' id='word_1_322' title='bbox 179 3637 411 3703; x_wconf 81' lang='lat' dir='ltr'>odaemonem·</span> <span class='ocrx_word' id='word_1_323' title='bbox 428 3639 631 3724; x_wconf 85' lang='lat' dir='ltr'>demigravit.</span> <span class='ocrx_word' id='word_1_324' title='bbox 667 3637 731 3715; x_wconf 91' lang='lat' dir='ltr'>lbi,</span> <span class='ocrx_word' id='word_1_325' title='bbox 754 3641 791 3701; x_wconf 90' lang='lat' dir='ltr'>ut</span> <span class='ocrx_word' id='word_1_326' title='bbox 814 3638 882 3721; x_wconf 91' lang='lat' dir='ltr'>ipse</span> <span class='ocrx_word' id='word_1_327' title='bbox 906 3636 1092 3720; x_wconf 87' lang='lat' dir='ltr'>praedicare</span> <span class='ocrx_word' id='word_1_328' title='bbox 1115 3645 1298 3723; x_wconf 89' lang='lat' dir='ltr'>consuerat,</span> <span class='ocrx_word' id='word_1_329' title='bbox 1322 3660 1390 3703; x_wconf 93' lang='lat' dir='ltr'>non</span> 
     </span>
    </p>
   </div>
   <div class='ocr_carea' id='block_1_3' title="bbox 215 3860 1391 4431">
    <p class='ocr_par' dir='ltr' id='par_1_11' title="bbox 217 3860 1391 4061">
     <span class='ocr_line' id='line_1_40' title="bbox 253 3860 1391 3934; baseline 0.001 -18"><span class='ocrx_word' id='word_1_330' title='bbox 253 3862 275 3932; x_wconf 78' lang='lat'>⁶)</span> <span class='ocrx_word' id='word_1_331' title='bbox 287 3861 774 3932; x_wconf 74' lang='lat' dir='ltr'>GesetatwarernichtvonAndoc,</span> <span class='ocrx_word' id='word_1_332' title='bbox 866 3865 888 3934; x_wconf 82' lang='lat'>⁹)</span> <span class='ocrx_word' id='word_1_333' title='bbox 906 3864 939 3918; x_wconf 89' lang='lat' dir='ltr'>D.</span> <span class='ocrx_word' id='word_1_334' title='bbox 949 3865 976 3917; x_wconf 93' lang='lat' dir='ltr'>h.</span> <span class='ocrx_word' id='word_1_335' title='bbox 986 3879 1052 3918; x_wconf 91' lang='lat' dir='ltr'>vom</span> <span class='ocrx_word' id='word_1_336' title='bbox 1066 3860 1160 3933; x_wconf 79' lang='grc' dir='ltr'><strong><em>ἄρχων</em></strong></span> <span class='ocrx_word' id='word_1_337' title='bbox 1180 3862 1325 3934; x_wconf 79' lang='grc' dir='ltr'><strong><em>βασιλεύς,</em></strong></span> <span class='ocrx_word' id='word_1_338' title='bbox 1343 3864 1391 3919; x_wconf 89' lang='lat' dir='ltr'>bei</span> 
     </span>
     <span class='ocr_line' id='line_1_41' title="bbox 217 3933 1391 4061; baseline 0.002 -74"><span class='ocrx_word' id='word_1_339' title='bbox 217 3934 655 4061; x_wconf 44' lang='lat' dir='ltr'>soqdeqqgoqudssqotssgelixslchqn</span> <span class='ocrx_word' id='word_1_340' title='bbox 676 3935 774 4005; x_wconf 84' lang='lat' dir='ltr'>Phyle.</span> <span class='ocrx_word' id='word_1_341' title='bbox 830 3935 962 4060; x_wconf 46' lang='lat' dir='ltr'>dqlrlqaqffi</span> <span class='ocrx_word' id='word_1_342' title='bbox 972 3934 1094 4060; x_wconf 44' lang='lat' dir='ltr'>yqutqaqln</span> <span class='ocrx_word' id='word_1_343' title='bbox 1096 3933 1228 4006; x_wconf 77' lang='grc' dir='ltr'><strong><em>ἀσεβείας</em></strong></span> <span class='ocrx_word' id='word_1_344' title='bbox 1246 3935 1391 4005; x_wconf 75' lang='lat' dir='ltr'>anhtngig</span> 
     </span>
    </p>

    <p class='ocr_par' dir='ltr' id='par_1_12' title="bbox 215 4008 1391 4431">
     <span class='ocr_line' id='line_1_42' title="bbox 253 4008 1391 4160; baseline 0.001 -31"><span class='ocrx_word' id='word_1_345' title='bbox 253 4008 275 4144; x_wconf 65' lang='lat' dir='ltr'>ri</span> <span class='ocrx_word' id='word_1_346' title='bbox 292 4075 345 4131; x_wconf 83' lang='lat' dir='ltr'>oa</span> <span class='ocrx_word' id='word_1_347' title='bbox 369 4045 565 4131; x_wconf 66' lang='lat' dir='ltr'>idodifikati&#39;on</span> <span class='ocrx_word' id='word_1_348' title='bbox 590 4046 642 4132; x_wconf 66' lang='lat' dir='ltr'>ta·</span> <span class='ocrx_word' id='word_1_349' title='bbox 658 4077 774 4132; x_wconf 74' lang='lat' dir='ltr'>verou-</span> <span class='ocrx_word' id='word_1_350' title='bbox 829 4024 901 4146; x_wconf 75' lang='lat' dir='ltr'>g1⁰)</span> <span class='ocrx_word' id='word_1_351' title='bbox 934 4075 988 4129; x_wconf 82' lang='lat' dir='ltr'>na</span> <span class='ocrx_word' id='word_1_352' title='bbox 1014 4044 1106 4157; x_wconf 62' lang='lat' dir='ltr'>aiere}</span> <span class='ocrx_word' id='word_1_353' title='bbox 1133 4075 1253 4145; x_wconf 64' lang='lat' dir='ltr'>angiae</span> <span class='ocrx_word' id='word_1_354' title='bbox 1280 4075 1391 4160; x_wconf 62' lang='lat' dir='ltr'>samar</span> 
     </span>
     <span class='ocr_line' id='line_1_43' title="bbox 215 4147 1389 4231; baseline 0.001 -30"><span class='ocrx_word' id='word_1_355' title='bbox 215 4147 330 4229; x_wconf 81' lang='lat' dir='ltr'>begriffs</span> <span class='ocrx_word' id='word_1_356' title='bbox 360 4147 569 4215; x_wconf 69' lang='lat' dir='ltr'>„einstweilem</span> <span class='ocrx_word' id='word_1_357' title='bbox 597 4150 701 4231; x_wconf 78' lang='lat' dir='ltr'>noch“‚</span> <span class='ocrx_word' id='word_1_358' title='bbox 730 4149 775 4202; x_wconf 87' lang='lat' dir='ltr'>die</span> <span class='ocrx_word' id='word_1_359' title='bbox 828 4149 915 4215; x_wconf 83' lang='lat' dir='ltr'>x1‚a</span> <span class='ocrx_word' id='word_1_360' title='bbox 939 4148 1063 4202; x_wconf 70' lang='lat' dir='ltr'>tiberem.</span> <span class='ocrx_word' id='word_1_361' title='bbox 1101 4148 1163 4203; x_wconf 91' lang='lat' dir='ltr'>Von</span> <span class='ocrx_word' id='word_1_362' title='bbox 1188 4149 1295 4201; x_wconf 85' lang='lat' dir='ltr'>anderu</span> <span class='ocrx_word' id='word_1_363' title='bbox 1317 4149 1389 4202; x_wconf 83' lang='lat' dir='ltr'>vvird</span> 
     </span>
     <span class='ocr_line' id='line_1_44' title="bbox 216 4217 1390 4346; baseline -0.001 -2"><span class='ocrx_word' id='word_1_364' title='bbox 216 4237 255 4298; x_wconf 57' lang='lat'>¹¹⁹</span> <span class='ocrx_word' id='word_1_365' title='bbox 268 4218 775 4346; x_wconf 70' lang='lat' dir='ltr'>t⁰⁰trt⁰¹¹.rrtrt¹.⁰tcsttt</span> <span class='ocrx_word' id='word_1_366' title='bbox 828 4218 919 4344; x_wconf 64' lang='lat' dir='ltr'>tlt?</span> <span class='ocrx_word' id='word_1_367' title='bbox 937 4217 1390 4344; x_wconf 57' lang='lat' dir='ltr'>rrrrfltrttfftrattr</span> 
     </span>
     <span class='ocr_line' id='line_1_45' title="bbox 217 4306 1001 4431; baseline 0.006 -19"><span class='ocrx_word' id='word_1_368' title='bbox 217 4306 268 4413; x_wconf 73' lang='lat' dir='ltr'>iiii</span> <span class='ocrx_word' id='word_1_369' title='bbox 288 4333 350 4414; x_wconf 90' lang='lat' dir='ltr'>dem</span> <span class='ocrx_word' id='word_1_370' title='bbox 366 4362 625 4431; x_wconf 83' lang='lat' dir='ltr'>Zusammenhange</span> <span class='ocrx_word' id='word_1_371' title='bbox 644 4362 774 4431; x_wconf 84' lang='lat' dir='ltr'>ergeben.</span> <span class='ocrx_word' id='word_1_372' title='bbox 826 4309 882 4415; x_wconf 86' lang='lat' dir='ltr'>init</span> <span class='ocrx_word' id='word_1_373' title='bbox 899 4361 1001 4418; x_wconf 88' lang='lat' dir='ltr'>Athen.</span> 
     </span>
    </p>
   </div>
   <div class='ocr_carea' id='block_1_4' title="bbox 0 0 1523 4908">
    <p class='ocr_par' dir='ltr' id='par_1_13' title="bbox 0 0 1523 4908">
     <span class='ocr_line' id='line_1_46' title="bbox 0 0 1523 4908; baseline 0 0"><span class='ocrx_word' id='word_1_374' title='bbox 0 0 1523 4908; x_wconf 95' lang='lat' dir='ltr'> </span> 
     </span>
    </p>
   </div>
  </div>
 </body>
</html>
