3028 4908
497 178 557 239 XV,
583 173 856 231 upamonons.
881 180 922 232 10.
1251 175 1295 241 55

120 341 399 424 Lacedaemoniis,
423 341 492 425 qui,
516 340 602 426 quod
624 340 659 404 in
688 337 784 402 unius
807 337 948 421 pernicie
975 338 1044 402 eius
1067 339 1193 423 patriae
1217 360 1294 404 suae

120 431 219 495 sitam
246 428 409 513 putabant
436 430 589 512 salutem,
615 426 757 493 universi
783 426 819 489 in
841 447 941 490 unum
968 426 1126 511 impetum
1147 426 1295 493 fecerunt

120 539 228 602 neque
252 517 344 601 prius
368 518 607 601 abscesserunt,
636 538 734 601 quam
756 534 879 600 magna
900 515 1063 600 utrimque
1087 515 1182 580 caede
1205 516 1294 581 faeta

117 605 298 671 fortissime
329 611 544 691 pugnantem,
581 625 678 689 sparo
719 603 844 668 eminus
884 625 1086 687 percussum,
1127 604 1294 669 concidere

117 695 277 761 viderunt.
321 693 401 759 llius
424 716 501 760 casu
525 694 729 778 aliquantum
751 692 909 757 retardati
932 697 1010 757 sunt
1027 692 1166 776 Boeotii,
1188 714 1293 777 neque
1312 710 1328 758 2

118 787 230 848 tamen
247 782 339 865 prius
357 803 468 868 pugna
486 785 700 863 excesserunt,
714 802 813 865 quam
831 783 1051 865 repugnantes
1067 781 1293 867 profligarunt.

117 871 164 935 At
191 870 452 955 Epaminondas,
479 893 552 936 cum
581 869 854 936 animadverteret
880 868 1082 935 mortiferum
1111 891 1145 935 se
1175 870 1329 936 vulnusa

118 960 282 1043 accepisse
318 959 492 1044 simulque,
529 961 556 1025 si
588 959 723 1042 ferrum,
759 957 846 1042 quod
878 979 917 1022 ex
948 957 1061 1023 hastili
1092 957 1127 1023 in
1158 979 1294 1044 corpore

117 1051 331 1127 remanserat,
360 1049 566 1131 extraxisset,
593 1048 734 1113 animam
762 1046 876 1111 statim
900 1045 1106 1130 emissurum,
1128 1069 1231 1132 usque
1254 1068 1292 1113 eo

117 1136 261 1218 retinuit,
284 1136 390 1220 quoad
414 1137 634 1201 renuntiatum
657 1140 707 1201 est
725 1133 840 1199 vicisse
859 1132 1021 1200 Boeotios.
1057 1133 1096 1200 Id
1115 1140 1291 1220 postquam
1311 1153 1329 1202 4

118 1223 252 1307 audivit,
280 1221 386 1289 ‘satis'
408 1225 516 1310 inquit
538 1223 631 1290 ‘vixit
653 1224 792 1288 invictus
811 1222 898 1287 enim
921 1220 1063 1288 morior’.
1100 1223 1185 1289 Tum
1207 1225 1293 1291 ferro

119 1316 266 1377 extracto
289 1313 462 1378 confestim
485 1314 687 1378 exanimatus
710 1316 770 1378 est

206 1399 246 1464 X.
271 1399 414 1466 Uxorem
431 1423 609 1487 numquam
627 1399 726 1465 duxit.
763 1400 884 1483 Inque
907 1420 982 1465 cum
1005 1399 1293 1484 reprehenderetur
1313 1419 1327 1469 1

117 1511 138 1553 a
150 1488 318 1574 Pelopida,
336 1491 392 1574 qui
409 1490 512 1555 filium
530 1491 674 1556 habebat
689 1488 855 1573 infamem,
873 1489 1019 1573 maleque
1037 1488 1074 1552 in
1092 1510 1131 1553 eo
1154 1488 1293 1573 quidem,

118 1576 206 1661 quod
238 1577 358 1643 liberos
389 1600 455 1643 non
486 1579 698 1663 relinqueret,
730 1577 857 1661 patriae
889 1577 1056 1642 consulere
1093 1581 1294 1661 argueretur,

115 1662 213 1730 ‘vide'
245 1665 353 1749 inquit
383 1664 436 1731 ‘ne
463 1669 502 1732 tu
527 1668 621 1752 peius
650 1665 814 1749 consulas,
847 1666 902 1750 qui
928 1666 1027 1730 talem
1056 1687 1093 1729 ex
1119 1669 1152 1730 te
1180 1670 1293 1730 natum

116 1753 288 1819 relicturus
313 1754 367 1820 sis.
412 1753 527 1839 Neque
550 1775 626 1820 vero
649 1756 748 1838 stirps
771 1757 879 1838 potest
902 1753 982 1818 mihi
1006 1753 1129 1819 deesse:
1152 1773 1328 1839 namquea

115 1863 156 1906 ex
184 1863 236 1906 me
263 1845 375 1907 natam
402 1843 548 1929 relinquo
575 1863 721 1928 pugnam
747 1841 965 1928 Leuctricam,
992 1864 1074 1927 quae
1100 1865 1168 1908 non
1195 1843 1292 1908 modo

116 1929 200 1994 mihi
228 1935 406 2015 superstes,
439 1930 495 1996 sed
522 1932 620 1997 etiam
647 1932 841 1996 immortalis
870 1932 914 1996 sit
945 1952 1075 1996 necesse
1103 1930 1174 1996 est'.
1220 1929 1327 2008 Quae

115 2022 263 2103 tempore
287 2019 366 2083 duce
388 2017 590 2106 Pelopida²⁰)
618 2020 745 2085 exsules
769 2019 897 2085 Thebas
925 2024 1124 2105 occupanmt
1149 2022 1191 2101 [a
1210 2022 1289 2103 379]

116 2109 150 2171 et
177 2106 374 2190 praesidium
402 2107 732 2174 Lacedaemoniorum
761 2129 800 2172 ex
828 2129 900 2173 arce
924 2109 1129 2192 expulerunt,
1158 2109 1292 2194 Epami-

4 2262 5 2283 ,
113 2195 250 2279 nondas,
273 2196 426 2279 quamdiu
443 2197 533 2262 facta
556 2202 607 2262 est
625 2198 737 2262 caedes
757 2196 885 2279 civium,
908 2195 995 2260 domi
1014 2219 1048 2262 se
1067 2198 1183 2281 tenuit,
1204 2198 1290 2281 quod

114 2304 219 2367 neque
242 2283 346 2350 malos
369 2285 541 2351 defendere
564 2285 695 2351 volebat
716 2307 820 2368 neque
844 2306 958 2350 manus
978 2306 1110 2351 suorum
1132 2287 1290 2370 sanguine

3 2402 4 2427 ι
113 2376 296 2437 cruentare:
316 2394 456 2458 namque
475 2396 605 2439 omnem
624 2375 751 2440 civilem
768 2374 938 2440 victoriam
957 2372 1121 2438 funestam
1143 2374 1291 2456 putabat.

114 2459 219 2539 Idem,
246 2464 422 2546 postquam
449 2462 536 2546 apud
559 2461 733 2528 Cadmeam
761 2485 834 2528 cum
857 2461 1122 2527 Lacedaemoniis
1150 2462 1292 2548 pugnari

115 2553 268 2633 coeptum
291 2555 350 2633 est,
372 2551 543 2635 inprimis
567 2551 667 2616 stetit.
1055 2564 1061 2575 ’

205 2636 268 2702 Sed
295 2638 335 2703 de
361 2639 450 2703 illius
473 2640 534 2705 viri
557 2639 731 2706 virtutibus
754 2640 885 2723 vitaque
909 2639 990 2704 satis
1013 2639 1075 2703 erit
1098 2639 1233 2723 dictum,
1262 2640 1327 2709 sil

113 2747 216 2789 unum
238 2725 302 2790 hoc
324 2727 512 2811 adiunxero,
536 2729 623 2813 quod
646 2748 741 2792 nemo
763 2727 827 2791 ibit
849 2727 979 2810 infitias,
1002 2726 1133 2793 Thebas
1158 2732 1190 2792 et
1213 2731 1290 2793 ante

113 2813 376 2898 Epaminondam
394 2818 508 2880 natum
528 2820 649 2900 etpost
663 2815 807 2881 eiusdem
825 2815 992 2881 interitum
1006 2821 1162 2901 perpetuo
1182 2817 1290 2883 alieno

113 2902 263 2985 paruisse
290 2903 441 2987 imperio,
464 2909 580 2970 contra
602 2927 654 2989 ea,
681 2926 779 2989 quam
802 2904 857 2969 diu
880 2905 937 2969 ille
960 2905 1137 2990 praefuerit
1159 2907 1206 2972 rei
1229 2929 1291 2992 pu·

113 2990 229 3074 blicae,
252 2998 351 3074 caput
368 2992 468 3057 fuisse
488 2995 590 3059 totins
610 2990 819 3075 Graeciae²¹).
855 2993 990 3078 Exque
1013 2994 1162 3079 intellegi
1181 2998 1291 3079 potest

112 3101 215 3143 unum
238 3079 404 3145 hominem
425 3080 529 3165 pluris
553 3103 651 3166 qnam
675 3081 840 3147 civitatem
864 3081 973 3147 fuisse.

151 3269 163 3301 ,
931 3271 937 3283 .

150 3270 188 3408 'li
205 3269 287 3395 liiii
306 3271 495 3397 zihitilfiichli
516 3278 674 3424 {llbertrei-
727 3272 863 3398 {cliiii}
887 3272 1114 3414 geriiiwfiiiiiriril
1137 3274 1291 3400 esiqoegrqirq,

112 3412 201 3480 bung.
216 3411 332 3467 Theben
340 3413 420 3468 hatte
429 3413 582 3484 allerdrngs
592 3417 673 3469 anter
727 3413 823 3468 nelnen
834 3412 946 3470 Staates
955 3414 1114 3483 uberhaupt
1122 3415 1205 3471 keine
1213 3416 1291 3472 Rode

112 3481 324 3551 Epaminondas
351 3484 403 3537 auf
432 3483 477 3538 ein
504 3485 674 3540 Jahraehent
727 3486 807 3539 mehr
825 3483 884 3539 sein
901 3485 986 3541 kann.
1023 3486 1084 3539 Nur
1103 3484 1148 3540 die
1164 3483 1291 3542 Athener

112 3551 177 3607 eine
191 3553 364 3623 Hegemonie
378 3572 411 3609 zu
425 3554 530 3622 Laude,
546 3556 614 3610 aber
627 3555 674 3609 nie
728 3556 829 3610 hatten
844 3557 917 3610 noch
931 3555 1040 3625 wenige
1055 3556 1141 3611 Jahre
1159 3555 1224 3610 eine
1237 3558 1291 3611 Art

111 3640 162 3677 aur
181 3623 243 3679 See.
279 3624 343 3679 Und
361 3627 440 3680 sonat
457 3624 509 3680 hat
529 3642 558 3680 es
576 3625 676 3681 immet
729 3624 946 3681 Sachamachaft.
971 3624 1041 3680 Eine
1055 3625 1186 3682 thuliche
1201 3616 1291 3683 llber-

111 3693 176 3749 einc
208 3693 326 3764 garrisse
355 3695 599 3767 Selbstandigkeit
629 3698 676 3752 be·
728 3696 863 3766 treibung
893 3697 969 3752 steht
1000 3712 1047 3750 am
1075 3696 1208 3754 Schlusse
1240 3698 1290 3754 des

112 3764 241 3834 hauptet.
274 3764 356 3822 Nach
371 3766 434 3822 dem
450 3767 528 3822 Tode
542 3767 676 3837 desEpa-
728 3765 877 3822 Eumenes.
909 3767 1078 3823 Rhetorisch
1096 3768 1135 3823 ist
1153 3770 1226 3825 auch
1245 3771 1291 3826 die

111 3833 262 3890 minondas
281 3836 403 3893 wardia
422 3836 590 3908 allgemeine
607 3837 675 3893 llut—
729 3837 881 3908 Wendung
900 3839 995 3894 Thrae.
1014 3839 1035 3907 Ι,
1055 3843 1080 3894 2.
