3028 4908
531 215 579 271 IV.
606 215 822 271 PAUSANIAS.
845 222 871 274 3.
889 222 914 270 4.
1267 216 1310 281 15

135 379 175 445 Id
197 382 372 464 postquam
393 376 643 443 Lacedaemonii
665 379 857 461 rescierunt,
879 378 1006 461 legatos
1029 399 1102 443 eum
1121 379 1245 462 scytale
1268 378 1309 443 ad
1327 395 1345 443 4

137 490 211 534 eum
245 469 417 552 miserunt,
448 468 482 531 in
515 488 579 551 qua
610 488 701 531 more
731 463 897 550 illorum⁸)
935 470 1006 531 erat
1042 468 1214 551 seriptum:
1245 467 1310 532 nisi

137 557 269 622 domum
291 559 518 638 reverteretur,
541 576 576 620 se
599 554 717 638 capitis
740 576 813 619 eum
836 554 1057 621 damnaturos.
1101 555 1173 621 Hoc
1195 556 1345 621 nuntios

137 647 333 728 commotus,
358 664 491 728 sperans
515 665 549 707 se
572 642 673 708 etiam
698 645 771 706 tum
793 643 930 727 pecunia
953 646 987 708 et
1012 645 1161 728 potentia
1182 645 1310 709 instans

137 733 316 818 perieulum
330 753 426 816 posse
440 731 610 815 depellere,
624 731 756 795 domum
770 731 875 796 rediit.
893 729 944 795 Eo
957 734 995 797 ut
1007 733 1107 816 venit,
1121 733 1163 797 ab
1178 732 1310 816 ephoris

137 825 173 886 in
191 821 371 887 custodiam
389 820 555 904 publicam
572 823 622 884 est
640 820 817 885 coniectus:
837 819 915 885 licet
929 820 1015 885 enim
1034 821 1161 904 legibus
1180 821 1311 885 illorum

136 910 239 977 cuivis
249 910 371 994 ephoro
382 909 445 974 hoc
458 909 566 973 faeere
575 908 626 972 vel
639 908 710 992 regi
716 904 750 994 ⁹).
764 907 850 973 Hinc
859 912 971 973 tamen
981 929 1016 973 se
1026 909 1197 993 expedivit,
1206 930 1310 994 neque

136 1021 174 1064 eo
189 1000 294 1084 magis
308 999 441 1062 carebat
455 996 653 1080 suspicione:
668 998 824 1063 manebat
838 997 924 1062 enim
939 998 1050 1080 opinio
1064 1018 1221 1062 eumcum
1234 1017 1310 1082 rege

136 1088 259 1153 habere
277 1087 475 1151 societatem.
505 1084 567 1150 llst
585 1105 687 1170 genus
707 1085 868 1170 quoddam
886 1086 1064 1170 hominum,
1078 1086 1165 1171 quod
1177 1084 1309 1150 Hilotae
1328 1098 1345 1147 o

136 1179 286 1259 vocatur,
295 1195 432 1259 quorum
451 1194 572 1258 magna
586 1173 761 1238 multitudo
777 1193 873 1257 agros
888 1172 1218 1239 Lacedaemoniorum
1232 1175 1312 1239 colit

137 1284 368 1347 servorumque
386 1283 519 1326 munere
535 1261 693 1346 fungitur.
720 1259 791 1327 Hos
811 1283 937 1347 quoque
952 1261 1127 1327 sollicitare
1146 1284 1203 1346 spe
1216 1263 1311 1327 liber·

136 1354 218 1418 tatis
233 1352 489 1416 existimabatur.
518 1347 580 1415 Sed
595 1349 680 1434 quod
694 1371 804 1415 earum
818 1371 925 1414 rerum
938 1350 1067 1414 nullum
1076 1353 1147 1414 erat
1162 1353 1310 1433 apertum
1330 1361 1345 1410 7

137 1442 268 1524 crimen,
283 1461 347 1524 quo
362 1437 495 1521 coargui
509 1442 631 1522 posset,
648 1459 716 1504 non
733 1439 896 1521 putabant
910 1438 1024 1504 detali
1038 1440 1107 1504 viro
1122 1438 1312 1522 suspicioni-

136 1531 198 1594 bus
217 1531 367 1610 oportere
386 1526 522 1592 iudicari
536 1530 569 1591 et
583 1527 847 1612 exspectandum,
859 1527 937 1591 dum
952 1549 986 1591 se
1005 1528 1077 1611 ipsa
1095 1548 1148 1592 res
1162 1526 1311 1611 aperiret.

225 1615 281 1681 IV.
305 1615 441 1681 Interim
459 1611 652 1701 Argilius²⁰)
677 1615 808 1698 quidam
827 1615 1101 1700 adulescentulus,
1120 1636 1217 1701 quem
1234 1636 1311 1700 pue·
1331 1625 1345 1673 1

135 1727 209 1771 rum
231 1703 411 1769 Pausanias
435 1704 604 1787 dilexerat,
627 1724 700 1768 oum
723 1704 897 1786 epistulam
920 1704 961 1768 ab
985 1725 1023 1769 eo
1047 1704 1089 1768 ad
1113 1703 1311 1769 Artabazum

137 1794 328 1877 accepisset,
356 1793 448 1877 eique
471 1791 506 1856 in
529 1792 747 1875 suspicionem
775 1791 918 1857 venisset
946 1791 1068 1876 aliquid
1094 1791 1129 1856 in
1153 1813 1191 1856 ea
1214 1792 1311 1856 dese

137 1904 208 1947 esse
236 1883 407 1966 scriptum,
434 1880 520 1966 quod
547 1902 642 1945 nemo
672 1902 782 1945 eorum
810 1879 963 1965 redisset,
991 1881 1048 1965 qui
1076 1880 1190 1945 eodem
1219 1879 1312 1944 missi

138 1973 244 2055 erant,
275 1969 402 2035 vincula
434 1968 595 2052 epistulae
625 1969 749 2033 laxavit
780 1969 938 2054 signoque
969 1969 1115 2034 detracto
1148 1970 1311 2053 cognovit,

136 2060 166 2124 si
188 2058 387 2143 pertulisset,
410 2056 473 2123 sibi
496 2078 566 2122 esse
588 2057 795 2140 pereundum.
842 2055 987 2141 Cumque
1010 2059 1118 2122 essent
1140 2058 1175 2121 in
1198 2056 1346 2122 eadema

137 2148 278 2232 epistula
301 2167 383 2231 quae
407 2146 448 2210 ad
466 2167 505 2210 ea
527 2146 736 2229 pertinerent,
759 2166 841 2230 quse
863 2147 950 2210 inter
971 2167 1082 2232 regem
1100 2145 1309 2210 Pausaniam-

137 2258 199 2321 que
222 2236 458 2318 convenissent,
479 2234 534 2298 ille
556 2234 685 2298 litteras
708 2233 839 2317 ephoris
862 2234 1005 2299 tradidit.
1048 2233 1125 2299 Non
1149 2237 1198 2298 est
1221 2248 1346 2317 prae-a

135 2324 294 2390 tereunda
306 2323 370 2388 hoc
383 2324 455 2388 loco
475 2323 621 2408 gravitas
628 2318 668 2408 11)
686 2321 1026 2387 Lacedaemoniorum.
1049 2321 1136 2388 Nam
1155 2343 1196 2386 ne
1214 2321 1310 2386 huius

137 2412 266 2497 quidem
289 2411 409 2477 indicio
437 2412 570 2496 impulsi
593 2415 685 2496 sunt,
708 2415 745 2475 ut
767 2411 964 2476 Pausaniam
993 2409 1311 2511 comprehenderent,

135 2523 249 2655 &Ali
267 2522 403 2673 1}le
405 2521 462 2652 ll
475 2499 1058 2671 tllltltbfltlsltlll,
1071 2498 1348 2670 ltllittlr

136 2678 264 2744 Fanum
282 2675 427 2760 Neptuni
446 2679 497 2740 est
516 2674 664 2754 Taenari,
687 2675 773 2760 quod
793 2676 910 2742 violari
931 2675 1024 2740 nefas
1046 2678 1167 2759 putant
1186 2673 1310 2740 Graeci

135 2767 186 2832 Eo
219 2765 275 2830 ille
305 2764 454 2849 confugit
483 2765 518 2828 in
550 2785 670 2848 araque
702 2764 858 2830 consedit.
902 2762 997 2829 Hanc
1028 2764 1118 2829 iuxta
1126 2760 1165 2849 12)
1202 2763 1309 2828 locum

135 2855 284 2921 fecerunt
307 2853 366 2918 sub
390 2857 486 2936 terra,
509 2874 629 2937 exque
652 2856 765 2936 posset
787 2852 901 2934 audiri,
923 2853 1043 2938 siquis
1063 2853 1140 2937 quid
1162 2853 1309 2936 loquere-

135 2947 191 3009 tur
214 2964 286 3007 cum
306 2941 432 3025 Argilio
440 2936 489 3027 ¹³).
521 2940 572 3006 Eo
591 2963 630 3005 ex
648 2941 780 3025 ephoris
798 2940 929 3025 quidam
948 2941 1192 3006 descenderunt.
1228 2940 1345 3004 Pau-t

137 3031 260 3116 sanias,
287 3035 325 3095 ut
353 3029 478 3095 audivit
503 3030 667 3114 Argilium
695 3029 882 3116 confugisse
908 3030 944 3094 in
970 3052 1077 3108 aram,
1103 3029 1311 3113 perturbatus

137 3120 250 3185 eodem
272 3118 370 3185 venit.
402 3117 485 3184 Cum
509 3124 618 3183 autem
642 3119 823 3203 supplicem
842 3118 893 3183 dei
916 3117 1040 3184 videret
1062 3119 1096 3182 in
1120 3139 1177 3181 ara
1200 3116 1312 3182 seden-

135 3212 213 3290 tem,
236 3208 372 3292 quaerit,
396 3228 512 3272 causae
530 3206 608 3291 quid
632 3205 676 3270 sit
697 3212 766 3271 tam
789 3207 952 3290 repentini
971 3206 1110 3272 consilii.
1141 3203 1226 3270 Huic
1244 3205 1312 3289 ille,

137 3296 214 3383 qnid
238 3317 278 3360 ex
300 3296 422 3361 litteris
445 3295 666 3380 comperisset,
689 3296 803 3378 aperit.
833 3294 932 3360 Modo
955 3291 1107 3381 magis14)
1129 3292 1310 3359 Pausanias
1330 3309 1346 3357 o

134 3383 344 3472 perturbatus
368 3405 462 3448 orare
481 3385 597 3468 coepit,
619 3404 661 3447 ne
684 3384 868 3449 enuntiaret
890 3406 948 3448 nec
967 3406 1002 3448 se
1020 3385 1174 3448 meritum
1193 3382 1232 3446 de
1251 3382 1310 3446 illo

136 3474 259 3557 optime
282 3472 445 3557 proderet:
474 3473 612 3557 quodsi
635 3493 706 3537 eam
729 3472 858 3538 veniam
886 3472 949 3537 sibi
972 3472 1114 3537 dedisset
1145 3469 1311 3553 tantisque

135 3557 383 3646 implicatum¹⁵)
402 3561 499 3626 rebus
515 3561 726 3645 sublevasset,
744 3581 864 3646 magno
880 3560 913 3624 id
932 3561 982 3625 illi
996 3558 1141 3644 praemio
1154 3558 1310 3624 futurum.

173 3736 195 3804 ⁸)
211 3733 696 3801 unnichtinlckonischerllmze,
788 3733 821 3802 ²¹)
841 3731 988 3788 Sittlicher
1006 3732 1092 3789 Ernst
1105 3763 1139 3774 -
1153 3732 1312 3803 Gegansatn

137 3806 258 3861 sondern
277 3805 327 3860 dar
341 3805 490 3859 Ausdruek
508 3805 619 3859 beaieht
637 3804 696 3860 sich
749 3804 861 3860 levitas.

136 3876 187 3932 auf
198 3877 328 3931 daseben
342 3877 485 3931 erwehnte
499 3892 562 3931 cum
573 3875 696 3944 scytale,
789 3874 822 3944 ¹¹)
841 3877 922 3931 Anm.
942 3893 976 3928 nu
995 3873 1096 3931 Ghabr,
1115 3873 1150 3943 II,
1169 3880 1194 3929 3.

137 3947 183 4002 die
209 3946 427 4017 eigentfimliche
455 3949 506 4001 Art
533 3948 583 4002 der
610 3934 697 4003 llber-
790 3945 823 4015 ¹⁶)
848 3945 916 4000 Hier
942 3947 984 4000 als
1011 3946 1236 4001 Personenname
1264 3961 1311 4015 ga·

137 4018 266 4086 sendung
284 4033 340 4072 von
358 4018 531 4087 Depesohen.
751 4017 879 4118 brqucht
898 4017 951 4072 vvie
970 4018 1043 4072 auch
1061 4018 1096 4084 V,
1116 4023 1141 4072 1.

174 4124 198 4193 9)
216 4124 299 4179 raus.
315 4139 374 4179 war
391 4123 471 4180 nieht
489 4123 579 4179 seinse
596 4122 699 4206 menig,
753 4087 915 4214 &effi-,fig
925 4085 1312 4214 ffisshmffifqffiffld

129 4194 260 4250 ‹sondern
279 4193 424 4249 Vormund
448 4194 497 4251 des
518 4196 625 4265 lunssfln
642 4196 665 4250 Ρ
665 4195 699 4249 1¹·
793 4231 826 4295 16)
845 4230 882 4285 So
901 4231 972 4284 auch
991 4230 1073 4284 Dion.
1091 4228 1112 4296 Ι,
1129 4234 1151 4283 l·
1175 4226 1312 4295 98898911

138 4266 277 4334 starchus,
296 4266 403 4321 Sohnas
421 4267 470 4320 des
487 4265 636 4320 Leonidas.
753 4300 801 4356 bei
823 4301 920 4356 morbo
945 4299 1012 4355 oder
1035 4300 1066 4354 in
1083 4299 1212 4354 morbum
1235 4298 1311 4352 steht

180 4370 213 4435 10)
234 4373 290 4426 Aua
310 4370 359 4426 der
379 4370 461 4427 Stadt
477 4369 599 4440 Argilus.
753 4367 1311 4442 implicitusCim.IIl,4undAges.VHI,6.
