3028 4908
208 187 251 251 28
561 186 635 240 vm.
662 185 935 242 THRASYBULUS.
958 191 983 240 a.
999 191 1023 243 s.

131 394 133 397 v
179 346 181 351 ’
208 347 298 437 illul)
320 354 430 416 tamen
455 350 564 414 omnia
587 348 770 414 communia
793 348 1044 433 imperatoribus
1068 370 1141 413 cum
1164 348 1325 412 militibus
1352 355 1390 415 et

208 440 348 520 fortuna,
371 438 457 523 quod
480 438 515 502 in
538 438 653 520 proelii
677 459 835 502 concursu
858 437 929 501 abit
951 459 1002 501 res
1027 460 1046 501 a
1069 437 1205 501 consilio
1230 436 1270 500 ad
1293 438 1387 503 vices

207 549 316 592 rerum
339 527 556 610 virtutemque
578 526 805 611 pugnantium.
845 525 960 608 ltaque
984 547 1043 590 suo
1067 526 1137 589 iure
1161 525 1316 589 nonnulla
1339 528 1387 591 ab

207 617 405 700 imperatore
428 615 533 696 miles,
555 615 697 698 plurima
715 635 791 678 vero
814 615 946 678 fortuna
969 613 1112 679 vindicat
1135 634 1232 696 seque
1254 614 1290 677 in
1313 615 1387 679 illis

208 707 282 788 plus
310 704 449 767 valuisse
478 725 574 787 quam
598 703 689 767 ducis
717 702 921 785 prudentiam
944 724 1019 766 vere
1048 706 1159 785 potest
1185 702 1387 785 praedicare.

173 789 325 877 cIllud‘)
353 790 713 876 magnificentissimum
741 791 865 855 lactum
897 790 1066 873 proprium
1098 796 1149 855 est
1171 789 1387 874 Thrasybuli.

208 879 294 945 Nam
318 902 390 944 cum
412 880 549 963 triginta
571 880 714 962 tyranni,
736 880 913 962 praepositi
936 902 957 943 a
978 877 1260 961 Lacedaemoniis,
1283 882 1388 944 servi-

208 974 278 1033 tute
301 989 474 1051 oppressas
496 970 644 1032 tenerent
663 967 821 1052 Athenae,
843 967 1065 1051 plurimosque
1086 968 1182 1051 cives,
1204 968 1323 1052 quibus
1345 970 1388 1032 in

208 1058 294 1122 bello
312 1060 501 1141 pepercerat
513 1055 655 1135 fortuna,
674 1056 794 1141 partim
809 1055 916 1139 patria
933 1057 1133 1140 expulissent
1147 1057 1268 1140 partim
1281 1058 1388 1121 inter·

208 1145 374 1228 fecissent,
401 1166 573 1228 eorumque
601 1145 688 1209 bona
714 1145 880 1227 publicata
908 1145 996 1209 inter
1024 1166 1058 1209 se
1086 1144 1287 1226 divisissent,
1315 1168 1387 1211 non

210 1236 314 1298 solum
337 1234 502 1319 princeps,
525 1234 580 1297 sed
604 1233 693 1297 solus
716 1233 810 1297 initio
833 1232 955 1297 bellum
979 1232 1020 1296 iis
1044 1233 1168 1297 indixit.

174 1341 188 1388 1
297 1322 339 1387 ΙΙ.
377 1319 459 1387 Cum
482 1321 568 1386 enim
591 1321 717 1405 Phylen
740 1318 959 1408 occupavit5),
983 1320 1069 1404 quod
1093 1326 1144 1385 est
1167 1343 1217 1386 ca·
1243 1324 1284 1402 [a.
1298 1322 1384 1404 404]

208 1413 340 1477 stellum
359 1411 393 1476 in
410 1412 520 1475 Attica
538 1411 801 1494 munitissimum,
819 1432 887 1474 nou
905 1411 979 1493 plus
999 1410 1116 1474 habuit
1130 1431 1238 1474 secum
1253 1414 1386 1494 septua-

208 1502 300 1586 ginta
322 1500 361 1563 de
385 1500 462 1565 suis.
506 1498 579 1563 Hoc
602 1498 731 1562 initium
754 1498 818 1562 fuit
841 1499 955 1562 salutis
980 1502 1176 1580 exactorum,
1198 1497 1260 1562 hoc
1282 1500 1387 1581 robur

172 1590 370 1654 alibertatis
398 1588 598 1652 clarissimae
626 1587 777 1651 civitatis.
813 1584 926 1670 Neque
949 1608 1024 1651 vero
1047 1583 1147 1671 nonl)
1175 1590 1385 1671 contemptus

208 1683 259 1743 est
281 1678 386 1760 primo
410 1699 429 1739 a
452 1674 599 1759 tyrannis
624 1674 849 1757 Thrasybulus
874 1679 970 1758 atque
1000 1675 1070 1739 eius
1094 1675 1245 1739 solitud0.
1291 1675 1384 1752 Quae

208 1765 336 1851 quidem
358 1761 444 1849 resl)
468 1768 501 1827 et
518 1763 585 1827 illis
605 1764 886 1827 contemnentibus
909 1763 1065 1847 perniciei
1084 1766 1117 1828 et
1134 1763 1212 1827 huic
1230 1765 1385 1848 despecto

208 1853 308 1917 saluti
342 1853 420 1916 fuit:
455 1851 533 1915 feeit
564 1851 650 1914 enim
683 1851 760 1915 illos
793 1851 834 1914 ad
866 1852 1123 1935 persequendum
1160 1873 1290 1936 segnes,
1322 1854 1385 1918 hos

173 1945 355 2023 atempore
383 1940 424 2004 ed
453 1940 703 2023 comparandum
733 1939 810 2004 dato
838 1940 1021 2005 validiores.
1066 1938 1136 2015 Quo
1165 1941 1271 2025 magis
1299 1941 1384 2006 illud

210 2030 355 2094 omnium
374 2030 408 2092 in
428 2028 544 2092 animis
564 2049 635 2093 esse
654 2028 758 2110 debet,
781 2028 863 2092 nihil
881 2030 916 2092 in
936 2028 1022 2092 bello
1042 2035 1189 2112 oportere
1207 2032 1383 2113 contemni,

172 2135 313 2202 tneque
337 2118 405 2181 eine
429 2138 526 2181 causa
549 2117 611 2181 dici
635 2120 772 2181 matrem
796 2116 902 2180 timidi
926 2116 1002 2181 flere
1024 2139 1091 2181 non
1113 2119 1226 2182 solere.
1266 2116 1383 2202 Neque

208 2212 317 2271 tamen
345 2227 404 2290 pro
434 2206 585 2288 opinione
613 2205 812 2288 Thrasybuli
841 2208 955 2270 auctae
983 2210 1060 2270 sunt
1087 2227 1182 2290 opes:
1210 2227 1287 2269 nam
1316 2208 1384 2271 iam

208 2296 276 2361 illis
299 2294 502 2378 temporibus
530 2293 647 2359 fortius
671 2295 750 2358 boni
772 2315 831 2378 pro
860 2294 1013 2358 libertate
1041 2295 1257 2378 loquebantur
1284 2317 1384 2379 quam

173 2385 409 2469 apugnabant.
445 2382 569 2447 Tamen
592 2379 682 2467 ille⁸)
706 2383 740 2446 in
763 2382 930 2447 Piraeeum
953 2383 1086 2446 transiit
1108 2381 1385 2468 Munychiamque

210 2474 355 2538 munivit.
401 2472 493 2537 Hanc
523 2471 654 2557 tyranni
684 2492 875 2555 oppugnare
904 2476 979 2536 sunt
1006 2471 1124 2552 adorti,
1153 2472 1209 2535 sed
1241 2473 1282 2552 [a.
1300 2472 1380 2554 403]

209 2563 348 2647 turpiter
357 2561 478 2645 repulsi
491 2561 642 2645 protinus
656 2561 691 2623 in
700 2561 812 2624 urbem
824 2560 922 2624 armis
936 2559 1241 2644 impedimentisque
1253 2561 1383 2625 amissis

174 2669 190 2717 e
208 2652 406 2734 refugerunt.
437 2647 551 2733 Neque
571 2650 677 2712 minus
692 2648 918 2732 Thrasybulus
937 2670 1015 2712 usus
1030 2653 1081 2712 est
1098 2648 1271 2732 prudentia
1285 2672 1383 2734 quam

208 2739 408 2804 fortitudine.
453 2737 538 2801 Nam
568 2737 717 2801 cedentes
746 2737 861 2802 violari
888 2737 991 2801 vetuit
1019 2735 1121 2821 (cives
1150 2737 1234 2801 enim
1259 2737 1382 2802 civibus

209 2847 340 2912 parcere
360 2847 498 2910 aequum
518 2822 694 2910 censebat),
712 2847 817 2909 neque
836 2826 1009 2909 quisquam
1028 2830 1077 2889 est
1095 2827 1292 2909 vulneratus,
1315 2828 1380 2891 nisi

210 2916 266 3001 qui
279 2915 368 2998 prior
381 2916 572 2998 impugnare
585 2912 741 2977 voluisset
747 2910 784 2998 ⁹).
813 2912 976 2978 Iacentem
991 2919 1100 2978 autem
1114 2915 1277 2978 neminem
1292 2918 1383 2979 veste

210 3005 375 3089 spoliavit,
398 3004 446 3067 nil
468 3002 579 3086 attigit
601 3001 663 3065 nisi
687 3024 786 3086 arma,
809 3024 944 3086 quorum
968 3002 1150 3087 indigebat,
1172 3024 1318 3086 quaeque
1342 3005 1383 3068 ad

174 3111 190 3159 τ
210 3096 332 3159 victum
347 3092 563 3176 pertinebant.
595 3090 634 3155 In
653 3091 711 3155 illo
730 3093 853 3173 proelio
872 3091 988 3156 cecidit
1002 3091 1129 3173 Critias,
1148 3091 1212 3154 dux
1230 3095 1384 3175 tyranno·

209 3204 292 3267 rum,
306 3202 379 3244 cum
394 3180 523 3263 quidem
539 3179 692 3244 adversus
700 3175 741 3266 ¹⁰)
765 3179 1006 3263 Thrasybulum
1024 3178 1202 3244 fortissime
1216 3188 1385 3265 pugnaret

176 3288 190 3335 1
298 3269 358 3334 III.
386 3269 459 3333 Hoc
484 3269 608 3332 deiecto
631 3267 810 3332 Pausanias
834 3269 924 3333 venit
947 3268 1067 3332 Atticis
1091 3268 1221 3351 auxilio,
1243 3290 1300 3332 rex
1323 3268 1384 3333 La·

211 3359 502 3424 cedaemouiorum.
546 3355 579 3420 Is
602 3356 689 3420 inter
712 3356 954 3440 Thrasybulum
979 3361 1011 3421 et
1034 3378 1099 3440 eos,
1122 3357 1178 3440 qui
1200 3358 1314 3420 urbem
1338 3362 1384 3421 te-

211 3449 343 3531 nebant,
366 3446 443 3510 fecit
466 3466 579 3528 pacem
602 3443 653 3508 his
673 3445 930 3510 condicionibus:
955 3447 1070 3528 nequi
1097 3449 1225 3529 praeter
1248 3446 1385 3530 triginta

250 3640 271 3708 8)
291 3637 483 3707 Strategische
503 3636 670 3691 Verdienste
688 3638 770 3691 uber·
861 3636 883 3707 8)
903 3637 1000 3705 Neque
1011 3652 1077 3691 vero
1088 3653 1143 3691 nou
1158 3636 1245 3705 „aber
1257 3636 1386 3691 freilich“

210 3710 307 3779 haupt.
824 3708 892 3763 oder
911 3706 1003 3775 „wohl
1022 3708 1115 3761 aber“.

248 3815 271 3886 ⁴)
288 3815 340 3869 Die
360 3816 454 3869 starke
468 3815 616 3883 Betonung
630 3831 686 3868 von
699 3814 771 3867 illud
825 3849 843 3902 d
862 3779 892 3878 Ἴ.
902 3778 979 3843 Quae
998 3778 1112 3846 (laidem
1131 3793 1175 3831 ωε
1195 3778 1270 3846 ”und
1282 3778 1385 3848 gemde

210 3883 770 3940 machtdieadversatirePartikelfiber·
844 3867 1057 3986 ⁸2,·Nachdem
1085 3919 1145 3973 sich
1173 3918 1234 3974 sein
1262 3919 1385 3990 Anhang

210 3958 315 4026 TW·
827 3989 898 4044 doch
913 3988 1077 4044 allmahlich
1088 3992 1138 4044 anf
1151 3995 1220 4044 1000
1230 3989 1387 4044 Munnver·

250 4065 273 4134 ⁶)
290 4064 329 4118 Er
347 4079 405 4116 war
422 4060 496 4115 nach
509 4061 624 4115 Theben
643 4063 772 4131 geflohen
826 4060 919 4114 sarit
935 4059 1023 4115 hatte.

211 4135 269 4190 und
287 4136 373 4188 nahm
387 4150 442 4188 von
462 4133 499 4187 da
517 4150 568 4186 aus
587 4133 633 4187 die
651 4133 772 4187 attische
863 4132 885 4198 ⁹)
910 4130 992 4201 Konj.
1012 4130 1061 4184 der
1079 4129 1301 4198 Allgemeinheit
1319 4132 1386 4187 oder

211 4205 414 4275 Grenzlestuug
432 4202 485 4258 ein.
511 4202 580 4257 Cum
598 4201 637 4258 ist
655 4203 717 4258 hier
730 4220 772 4258 sc·
827 4201 877 4256 der
894 4201 1096 4256 wiederholten
1114 4201 1273 4270 Handlung.

210 4276 267 4330 viel
290 4278 332 4331 als
352 4291 385 4330 eo
402 4280 536 4343 tempore,
556 4290 621 4343 quo,
638 4275 691 4329 wie
706 4273 771 4330 Con.
865 4272 900 4343 ¹⁰)
925 4272 984 4327 Das
1012 4273 1108 4327 Them.
1129 4271 1180 4339 lII,
1204 4278 1222 4325 4
1249 4272 1384 4328 stehende

211 4346 237 4413 Ι,
256 4352 281 4403 2.
827 4347 924 4399 exadv.
944 4346 995 4399 hat
1012 4360 1066 4396 nur
1084 4344 1178 4398 lolrale
1191 4342 1368 4413 Bedeutnng.
