3028 4908
535 222 608 279 XIV.
637 221 821 278 DATAMES.
846 230 870 278 6.
1242 224 1285 288 47

114 387 187 471 ipse
211 407 285 450 cum
309 385 375 449 suis
398 384 433 449 in
451 383 690 469 Cappadociam
713 385 849 451 discedit
871 406 1005 468 eamque
1028 389 1061 450 et
1080 387 1286 452 coniunctam

116 477 147 540 ei
169 474 433 559 Paphlagoniam
456 480 607 559 occupat,
629 474 847 552 dissimulans,
869 497 932 559 qua
954 474 1123 540 voluntate
1145 480 1231 541 esset
1252 477 1288 540 in

113 584 234 649 regem.
281 560 377 627 Glam
400 584 473 626 curn
495 562 716 627 Ariobarzane
739 562 820 628 facit
841 564 1027 647 amicitiam,
1050 586 1181 628 manum
1204 586 1288 630 oom-

113 657 222 738 parat,
244 652 340 717 urbes
364 652 505 715 munitas
529 653 596 715 suis
618 652 755 716 tuendas
777 648 934 737 uaditffi).

204 739 261 804 Vl
294 739 357 806 Sed
387 739 469 803 haec
499 746 633 823 propter
665 740 805 804 hiemale
835 745 964 824 tempus
997 741 1103 805 minus
1135 759 1322 825 prosperel

114 829 344 914 procedebant
383 828 487 892 Audit
505 827 632 892 Pisidas
655 828 813 911 quosdam
836 828 921 893 clam
943 829 1054 914 copias
1077 830 1230 895 adversus
1253 852 1288 895 se

113 939 242 1002 parare.
289 917 409 981 Filium
435 937 475 982 eo
501 915 695 981 Arsidaeum
722 940 795 983 cum
822 919 965 982 exercitu
992 918 1108 983 mittit:
1140 919 1227 983 cadit
1253 919 1288 983 in

113 1007 238 1091 proelio
262 1006 462 1071 adulescens.
500 1005 721 1071 Proficiscitur
743 1009 894 1089 sopater
915 1028 984 1071 non
1006 1008 1054 1071 ita
1071 1028 1192 1092 magna
1215 1028 1287 1071 cum

115 1117 224 1178 manu,
246 1096 364 1172 celans,
388 1099 544 1178 quantum
567 1094 685 1160 vulnus
704 1096 890 1177 accepisset,
913 1095 1008 1180 quod,
1025 1116 1067 1159 ne
1086 1096 1186 1161 animi
1204 1096 1288 1160 mili·

112 1188 186 1248 tum
204 1183 464 1266 debilitarentur,
486 1184 580 1267 prius
603 1184 645 1248 ad
665 1184 794 1248 hostem
816 1183 984 1268 pervenire
1007 1185 1168 1268 cupiebat,
1189 1206 1288 1268 quam

114 1273 154 1337 de
178 1273 263 1336 male
284 1293 320 1336 re
343 1276 436 1356 gesta
463 1271 552 1337 fama
580 1272 621 1336 ad
650 1294 725 1337 suos
748 1272 924 1337 afferretur.
970 1270 1040 1347 Quo
1068 1273 1323 1352 contenderatz

113 1362 266 1445 pervenit
287 1361 392 1444 iisque
415 1360 496 1424 locis
519 1364 626 1424 castra
644 1361 747 1444 ponit,
768 1364 807 1425 ut
827 1382 930 1444 neque
954 1362 1118 1425 circumiri
1139 1362 1287 1426 multitu·

113 1451 190 1514 dine
213 1450 471 1515 adversariorum
494 1452 606 1532 posset
628 1470 732 1534 neque
755 1449 915 1532 impediri,
939 1471 1003 1533 quo
1025 1451 1132 1514 minus
1152 1450 1223 1532 ipse
1246 1450 1287 1514 ad

113 1538 332 1604 dimicandum
354 1559 487 1602 manum
504 1537 641 1602 haberet
663 1538 856 1622 expeditam.
891 1537 975 1602 Erat
997 1560 1070 1603 cum
1092 1560 1131 1603 eo
1144 1537 1321 1603 Mithres

113 1628 280 1709 barzanes,
303 1648 394 1692 socer
416 1626 494 1709 eius,
517 1625 702 1710 praefectus
725 1627 878 1712 equitum.
917 1627 950 1691 Is
973 1627 1152 1710 desperatis
1176 1628 1286 1711 generi

114 1717 212 1780 rebus
236 1715 277 1779 ad
298 1714 411 1780 hostes
434 1714 621 1799 transfugit.
660 1716 699 1780 Id
720 1714 875 1780 Datames
898 1719 936 1779 ut
958 1715 1095 1800 audivit,
1118 1717 1235 1799 sensit,
1258 1717 1286 1779 si

113 1806 149 1869 in
181 1805 314 1868 turbam
346 1804 467 1868 exisset
502 1803 544 1868 ab
575 1804 707 1869 homine
742 1808 812 1869 tam
843 1805 1027 1869 necessario
1064 1826 1098 1869 se
1129 1804 1287 1889 relictum,

112 1892 263 1957 futurum
284 1896 322 1957 ut
339 1893 439 1957 ceteri
461 1890 546 1956 idem
564 1894 736 1958 consilium
759 1898 976 1978 sequerentur.
1012 1893 1051 1957 In
1069 1894 1186 1977 vulgus
1204 1892 1284 1958 edit:
1304 1909 1322 1959 4

113 2003 174 2047 suo
202 1983 293 2046 iussu
319 1980 630 2063 Mithrobarzanem,
661 2004 725 2066 quo
753 1981 883 2047 facilius
914 1986 1063 2067 receptus
1092 1982 1287 2047 interficeret

114 2070 238 2154 hostes,
260 2091 321 2152 pro
340 2069 478 2154 perfuga
495 2068 691 2152 profectum:
714 2092 812 2154 quare
835 2071 938 2135 deseri
956 2092 1029 2134 eum
1052 2093 1113 2153 par
1129 2093 1197 2136 non
1215 2092 1286 2135 esse

9 2204 10 2223 .
115 2154 195 2245 et¹⁷)
219 2180 332 2223 omnes
351 2158 523 2223 confestim
546 2159 646 2242 sequi.
683 2158 776 2234 Quod
794 2159 823 2223 si
845 2161 955 2224 animo
975 2163 1105 2224 strenuo
1123 2158 1287 2242 iecissent,

113 2248 260 2311 futurum
291 2251 329 2312 ut
360 2247 537 2311 adversarii
568 2269 634 2312 non
664 2252 800 2332 possent
831 2249 996 2331 resistere,
1028 2269 1101 2311 cum
1136 2252 1168 2313 et
1198 2248 1287 2312 intra
1316 2286 1322 2299 ·

113 2336 236 2401 vallum
260 2339 293 2399 et
311 2335 390 2400 foris
413 2336 632 2401 caederentur.
668 2335 738 2400 Hac
760 2337 951 2433 reprobata
974 2337 1151 2400 exercitum
1169 2335 1320 2418 educite

113 2423 411 2490 Mithrobarzanem
439 2426 651 2508 persequitur.
702 2423 765 2500 Qui
793 2429 921 2490 tantum
944 2420 1076 2511 quod¹⁸)
1106 2424 1146 2488 ad
1173 2425 1285 2489 hostes

113 2518 314 2598 pervenerat,
333 2512 490 2578 Datames
515 2514 610 2598 signa
627 2512 740 2578 inferri
757 2514 857 2579 iubet
892 2513 1021 2578 Pisidae
1043 2535 1129 2578 nova
1146 2535 1181 2577 re
1200 2535 1284 2578 com·
1304 2531 1321 2578 o

112 2603 196 2667 moti
214 2603 248 2666 in
267 2602 455 2684 opinionem
470 2601 672 2666 adducuntur
687 2603 841 2687 perfugas
860 2603 947 2666 mala
961 2602 1023 2666 fide
1042 2602 1285 2685 compositoque

112 2691 241 2773 fecisse,
274 2694 312 2755 ut
340 2690 462 2774 recepti
488 2691 605 2756 maiori
636 2694 745 2755 essent
772 2691 958 2755 calamitati.
1004 2690 1149 2754 Primum
1158 2685 1197 2775 19)
1224 2691 1284 2754 hos

113 2779 315 2845 adoriuntur.
361 2778 423 2854 Qui
447 2801 534 2863 cum,
562 2779 639 2863 quid
667 2783 830 2865 ageretur,
852 2781 1055 2863 ignorarent,
1083 2779 1186 2844 coacti
1209 2782 1285 2844 sunt

111 2890 188 2933 cum
215 2868 257 2931 iis
283 2889 444 2954 pugnare,
471 2868 512 2932 ad
539 2889 619 2953 quos
642 2868 852 2947 transierant,
881 2869 922 2933 ab
949 2868 1053 2953 iisque
1077 2872 1175 2952 stare,
1204 2889 1284 2951 quos

111 2957 327 3040 reliquerant:
344 2958 475 3041 iamque
488 2957 612 3021 neutris
627 2959 834 3041 parcentibus
840 2953 882 3042 ²⁰)
901 2958 1048 3023 celeriter
1062 2962 1138 3021 sunt
1156 2957 1284 3022 concisi.

110 3044 268 3129 Reliquos
295 3045 421 3109 Pisidas
449 3046 637 3110 resistentes
665 3045 820 3111 Datames
853 3046 990 3111 invadit:
1022 3047 1127 3131 primo
1159 3047 1318 3128 impetus

111 3134 220 3218 pellit,
243 3133 405 3218 fugientes
428 3135 650 3218 persequitur,
675 3135 798 3199 multos
821 3135 988 3217 interficit,
1009 3140 1117 3199 castra
1138 3134 1283 3199 hostium

112 3223 209 3306 capit
253 3221 326 3286 Hoc
358 3223 492 3287 consilio
523 3245 589 3287 uno
623 3225 770 3306 tempore
803 3228 836 3288 et
866 3224 1048 3306 proditores
1080 3224 1222 3307 perculit
1251 3226 1319 3287 eta

111 3312 223 3376 hostes
247 3311 447 3396 profligavit,
470 3316 516 3394 et,
539 3312 624 3396 quod
647 3312 688 3376 ad
710 3312 885 3396 perniciem
914 3335 1006 3378 suam
1028 3312 1136 3377 fuerat
1158 3312 1283 3395 excogi-

148 3538 182 3609 1’)
200 3537 252 3593 Die
270 3537 332 3593 hier
351 3539 493 3594 erwahnte
506 3540 670 3610 Empbrung
723 3540 778 3606 ain,
798 3541 919 3611 dasaus
937 3557 990 3610 par
1007 3554 1064 3593 non
1082 3554 1144 3593 esse
1163 3536 1224 3591 sich
1241 3554 1283 3592 er·

108 3611 188 3664 kann
215 3613 273 3665 erst
299 3609 368 3664 lrurz
394 3627 445 3664 vor
469 3616 522 3665 363
550 3611 669 3678 stattge-
722 3611 810 3680 giebt.
846 3611 970 3665 Ahnlich
992 3625 1046 3678 que
1067 3609 1141 3664 nach
1167 3625 1203 3663 ne
1241 3609 1284 3663 vit

10 3688 11 3699 ¹
108 3681 216 3736 funden
234 3680 334 3737 haben.
362 3679 415 3735 Die
429 3681 513 3736 Notiz
531 3683 601 3736 iiber
615 3681 669 3736 den
723 3682 793 3737 (lim.
811 3683 837 3750 I,
855 3688 881 3736 4.
918 3679 955 3736 Es
977 3682 1017 3736 ist
1038 3679 1098 3735 dies
1124 3680 1191 3735 kain
1222 3677 1282 3734 dio-

108 3751 232 3820 Vertrag
257 3750 311 3805 mit
337 3751 540 3806 Ariobarzanes
567 3751 669 3822 gehort
721 3753 822 3807 tismus
841 3753 889 3807 des
907 3752 1010 3823 Nepos.

107 3823 139 3878 in
162 3820 225 3877 eine
249 3822 361 3904 frbbere
380 3824 448 3877 Zeit.
485 3821 567 3877 Siehe
585 3824 667 3879 Anm.
759 3849 793 3919 ιο)
813 3849 866 3916 Qui
892 3851 1004 3905 tanqum
1031 3850 1106 3919 quod
1134 3876 1168 3896 =
1196 3849 1283 3904 haum

108 3912 144 3948 zu
162 3893 198 3961 II,
217 3897 242 3948 5.
278 3892 331 3947 Dre
349 3894 505 3965 Besetzung
523 3893 667 3964 Cappado·
724 3920 785 3975 das,
804 3921 902 3976 dieser,

106 3964 393 4091 qqgnqqnaqae
416 3965 670 4092 tilitates.
762 4010 795 4079 19)
813 4010 1018 4079 aenaeae
1032 4007 1284 4077 verbindunswa

307 4078 314 4104 ,

107 4107 188 4162 rene
212 4106 453 4162 narrentanas
478 4107 541 4162 rem
560 4107 670 4161 mela.
724 4087 827 4148 §4²¹1
842 4081 963 4150 Anfang
1242 4174 1249 4185 .

108 4176 191 4232 dates
223 4179 367 4247 gehbrten.
414 4177 497 4233 Siehe
520 4178 603 4235 Anm.
636 4196 671 4232 zu
759 4176 796 4260 {⁰)
813 4175 962 4259 Natfirlich
989 4177 1062 4261 mule
1083 4177 1217 4265 Datames
1240 4192 1281 4229 rn-

106 4247 357 4386 Ivhpscheinbar
380 4320 426 4401 tur
444 4319 501 4376 sed.
538 4317 618 4375 Doch
642 4321 671 4374 et
700 4248 1197 4389 'bdclheileihalllekdiimaguiilgelilhit
1224 4244 1282 4371 iii

108 4389 239 4446 schliesst
248 4390 293 4446 ein
303 4391 438 4461 posibves
447 4392 564 4447 verbum
571 4407 670 4460 regens
725 4390 896 4462 dengemass
914 4390 1015 4446 Bafehl
1033 4391 1160 4460 gegeben
1180 4388 1283 4444 haben.
