3028 4908
217 205 260 270 26
593 205 653 259 vu.
680 203 905 260 lucinianus.
930 209 955 260 a
973 209 1014 258 10.

217 368 290 433 loca
320 367 383 432 sibi
411 368 599 452 arbitratus,
627 366 757 451 penitus
785 366 819 430 in
842 365 1035 430 Thraeciam
1064 387 1098 429 se
1126 386 1226 448 supra
1248 363 1404 447 Propon-

219 457 318 520 tidem
335 455 468 538 abdidit,
488 477 620 538 sperans
640 456 685 519 ibi
704 454 859 520 facillime
874 476 967 518 suam
985 454 1152 519 fortunam
1166 453 1269 518 occuli
1288 474 1402 537 posse.

183 561 200 609 a
220 543 282 609 Sed
301 544 470 626 Thraeces,
493 550 664 628 postquam
689 566 761 609 eum
782 565 862 607 cum·
878 563 998 626 magna
1021 543 1157 626 pecunia
1174 542 1302 606 venisse
1322 564 1402 605 sen-

220 637 346 716 serunt,
369 632 502 697 insidias
530 632 677 697 fecerunt
700 654 814 715 eaque,
838 653 919 716 quae
944 634 1150 714 apportarat,
1177 631 1402 715 abstulerunt,

184 738 200 786 a
219 721 327 805 ipsum
350 743 462 804 capere
485 742 551 784 non
574 726 760 804 potuerunt.
805 719 864 783 Ille
888 741 1021 784 cernens
1044 720 1169 784 nullum
1199 720 1306 783 locum
1331 720 1402 783 sibi

219 814 326 873 tutum
341 809 375 872 in
390 809 525 874 Graecia
543 813 675 892 propter
692 809 871 891 potentiam
886 808 1217 873 Lacedaemoniorum
1236 807 1276 872 ad
1291 807 1400 872 Phar-

220 898 380 962 nabazum
402 897 437 961 in
460 898 573 962 Asiam
596 898 743 961 transiit:
767 918 862 980 quem
886 897 1015 980 quidem
1040 896 1119 962 adeo
1143 919 1202 960 sua
1224 897 1313 980 cepit
1336 897 1401 960 hu·

219 987 393 1069 munitate,
416 990 452 1050 ut
475 1008 547 1050 eum
571 1007 665 1050 nemo
689 985 724 1048 in
747 985 891 1049 amicitia
914 985 1127 1049 antecederet
1172 984 1322 1068 Namque
1351 986 1399 1049 ab

220 1096 258 1138 eo
283 1073 439 1158 Grynium
464 1077 645 1158 acceperat,
669 1095 707 1138 ex
732 1096 795 1157 quo
819 1074 1046 1158 quinquagena
1074 1075 1200 1137 talenta
1222 1075 1398 1158 vectigalis

184 1163 376 1245 rcapiebat.
421 1161 491 1238 Qua
519 1163 652 1227 fortuna
679 1161 865 1227 Alcibiades
893 1184 959 1226 non
987 1168 1058 1227 erat
1085 1166 1257 1227 contentus
1288 1184 1398 1246 neque

219 1250 365 1315 Athenas
389 1252 491 1316 victas
515 1250 777 1316 Lacedaemoniis
803 1251 922 1314 servire
945 1255 1074 1334 poterat
1097 1253 1176 1334 pati.
1212 1250 1329 1335 Itaque
1353 1252 1398 1316 ad

185 1341 358 1424 tpatriam
386 1339 586 1405 liberandam
611 1341 700 1404 omni
728 1339 892 1404 ferebatur
922 1339 1130 1423 cogitatione.
1176 1337 1239 1404 Sed
1261 1339 1399 1404 videbat

219 1429 252 1493 id
276 1430 345 1493 sine
363 1449 440 1511 rege
459 1428 555 1493 Perse
563 1425 603 1513 ²2)
627 1450 692 1493 non
711 1450 806 1511 posse
825 1428 904 1511 fieri,
922 1427 1058 1511 ideoque
1078 1449 1151 1492 cum
1171 1428 1310 1492 amicum
1331 1429 1399 1492 sibi

220 1518 369 1601 cupiebat
397 1518 529 1601 adiungi
557 1539 660 1600 neque
687 1516 719 1580 id
748 1515 919 1579 dubitabat
946 1516 1041 1580 facile
1071 1539 1105 1580 se
1134 1521 1398 1601 consecuturum,

220 1607 248 1669 si
271 1606 366 1670 modo
391 1607 459 1669 eius
483 1605 698 1670 conveniundi
726 1605 894 1669 habuisset
916 1608 1123 1687 potestatem.
1160 1604 1247 1669 Nam
1271 1604 1397 1689 Cyrum

219 1693 353 1758 fratrem
385 1696 413 1757 ei
446 1694 567 1757 bellum
602 1693 685 1757 clam
718 1714 834 1776 parare
865 1691 1129 1758 Lacedaemoniis
1162 1693 1397 1758 adiuvantibus

221 1782 358 1847 sciebat:
381 1782 413 1845 id
434 1782 461 1844 si
480 1782 669 1864 aperuisset,
692 1802 843 1866 magnam
863 1803 897 1845 se
915 1781 1073 1846 initurum
1092 1782 1231 1866 gratiam
1252 1781 1395 1848 videbat.

187 1886 199 1932 r
308 1869 349 1933 X.
385 1869 456 1933 Hoc
479 1891 552 1934 cunr
581 1870 748 1934 moliretur
775 1873 962 1954 peteretque
990 1869 1258 1950 aPharnabaso,
1286 1875 1324 1934 nt
1354 1871 1398 1935 ad

220 1977 329 2042 regem
361 1959 560 2040 mitteretur,
589 1958 701 2023 eodem
732 1962 879 2041 tempore
908 1956 1026 2023 Critias
1059 1960 1219 2043 ceterique
1249 1962 1290 2039 [a.
1310 1960 1393 2042 404]

220 2046 354 2129 tyranni
374 2046 620 2111 Atheniensium
640 2052 745 2112 certos
769 2046 916 2111 homines
940 2048 980 2111 ad
999 2046 1206 2131 Lysandrum
1224 2049 1257 2111 in
1278 2047 1395 2113 Asiam

220 2135 387 2215 miserant,
416 2136 471 2219 qui
494 2157 567 2199 sum
590 2136 760 2201 certiorem
783 2136 940 2219 facerent,
963 2138 1028 2200 nisi
1051 2135 1257 2201 Alcibiadem
1286 2145 1394 2202 sustu·

219 2224 325 2307 lisset,
346 2224 429 2288 nihil
453 2246 564 2289 earum
587 2246 695 2288 rerum
718 2225 787 2289 fore
810 2228 927 2307 ratum,
950 2246 1030 2308 quas
1056 2226 1125 2308 ipse
1150 2224 1291 2290 Athenis
1314 2247 1394 2290 con-

221 2313 396 2377 stituisset:
419 2335 532 2396 quare,
556 2314 584 2377 si
609 2335 683 2376 suas
707 2335 758 2377 res
782 2317 892 2397 gestas
915 2335 1047 2378 manere
1069 2314 1180 2396 vellet,
1205 2314 1298 2378 illum
1321 2336 1394 2398 per·

185 2406 416 2485 asequcretur.
453 2402 515 2466 His
538 2401 625 2466 Laco
649 2402 746 2466 rebus
771 2404 953 2466 commotus
978 2404 1095 2466 statuit
1119 2403 1302 2467 accuratius
1327 2402 1393 2468 sibi

221 2490 382 2575 agendum
400 2513 472 2555 cum
493 2491 715 2555 Pharnabazo.
741 2490 827 2555 Huic
846 2512 924 2574 ergo
944 2491 1111 2555 renuntiat
1130 2514 1211 2575 quae
1229 2493 1299 2576 regi
1318 2513 1394 2556 cum

222 2579 484 2644 Lacedaemoniis
508 2576 677 2663 essent²³)‚
700 2580 765 2644 nisi
789 2578 992 2644 Alcibiadem
1016 2584 1073 2643 aut
1095 2581 1205 2644 vivum
1229 2586 1285 2644 aut
1308 2603 1394 2646 mor·

186 2684 202 2731 3
221 2671 314 2732 tuum
338 2668 398 2732 sibi
422 2668 616 2733 tradidisset.
647 2667 723 2732 Non
747 2669 824 2733 tulit
841 2664 973 2753 hune²⁴)
997 2672 1142 2752 satrapes
1162 2674 1195 2732 et
1214 2691 1306 2733 suam
1325 2670 1392 2734 vio·

219 2757 280 2820 lari
304 2756 509 2820 clementiam
533 2779 629 2840 qnam
654 2758 741 2835 regis
771 2778 848 2839 opes
873 2757 975 2820 minui
998 2758 1122 2821 maluit.
1160 2757 1274 2840 ltaque
1302 2757 1394 2822 misit

220 2843 454 2909 Susamithrem
474 2849 507 2907 et
520 2842 732 2928 Bagaeum²⁵l
752 2845 793 2908 ad
808 2845 1012 2908 Alcibiadem
1031 2846 1299 2931 interficiendum,
1318 2868 1391 2911 cum

184 2933 276 2997 cille
300 2938 385 2997 esset
406 2933 440 2997 in
464 2933 606 3017 Phrygia
628 2932 754 3017 iterque
778 2934 818 2997 ad
841 2955 950 3017 regem
975 2939 1186 3017 compararet.
1220 2934 1282 3011 Qui
1306 2935 1391 2999 clam

219 3022 387 3106 vicinitati,
410 3022 444 3086 in
468 3029 623 3106 quatum
648 3021 831 3086 Alcibiades
856 3026 940 3103 erat,
963 3023 1042 3086 dant
1065 3023 1234 3107 negotium
1258 3027 1294 3087 ut
1318 3045 1392 3088 eum

219 3111 422 3175 interficiant.
468 3109 522 3174 Illi
545 3132 618 3174 cum
641 3109 727 3175 ferro
751 3133 825 3174 eum
849 3111 983 3195 aggredi
1007 3133 1072 3175 non
1096 3111 1265 3193 auderent,
1292 3117 1391 3176 noctu

220 3199 308 3283 ligna
331 3200 540 3263 contulerunt
562 3200 647 3263 circa
668 3221 786 3284 casam,
809 3201 843 3263 in
863 3222 927 3283 qua
946 3200 1139 3284 quiescebat,
1162 3221 1297 3284 eamque
1321 3222 1390 3265 suc-

221 3288 404 3370 cenderunt,
427 3293 464 3351 ut
487 3288 635 3353 incendio
655 3290 858 3371 conficerent,
882 3310 978 3371 quern
1002 3311 1100 3353 manu
1124 3291 1269 3371 superari
1294 3310 1390 3371 posse

184 3392 200 3440 a
220 3377 418 3441 diffidebant.
464 3375 525 3440 Ille
553 3382 661 3441 autern
693 3381 729 3441 ut
752 3378 860 3442 sonitu
883 3378 1032 3440 flammae
1056 3383 1105 3441 est
1129 3379 1303 3460 excitatus,
1328 3376 1391 3442 etsi

219 3466 347 3552 gladius
362 3468 390 3530 ei
405 3471 476 3530 erat
494 3465 678 3545 subductus,
698 3466 867 3530 familiaris
887 3467 937 3528 sui
957 3467 1106 3529 subalare
1124 3467 1226 3529 telum
1241 3467 1388 3550 arripuit.

219 3555 367 3639 Namque
387 3561 457 3620 erat
475 3577 547 3619 curn
567 3576 605 3618 eo
625 3554 757 3637 quidam
776 3577 815 3619 ex
833 3553 973 3618 Arcadia
991 3554 1120 3638 hospes,
1140 3555 1195 3637 qui
1213 3576 1389 3638 numquam

219 3644 379 3709 discedere
408 3645 448 3707 ab
477 3666 513 3708 eo
541 3644 698 3707 voluerat.
743 3642 839 3708 Hunc
870 3643 962 3727 sequi
991 3664 1024 3707 se
1056 3644 1148 3707 iubet
1175 3648 1208 3706 et
1238 3642 1272 3706 id
1306 3643 1390 3727 quod

219 3733 486 3797 vestimentorum
515 3735 627 3815 posset
657 3732 779 3796 afferre.
824 3731 885 3795 His
909 3734 941 3794 in
967 3731 1078 3814 ignem
1107 3732 1216 3795 eiectis
1240 3731 1388 3795 flammae

256 3939 292 4042 3)
310 3940 478 4021 Artaxerxes
487 3941 618 3994 Mnemon
626 3944 777 3995 405-359.
870 3940 904 4009 ²⁴)
921 3939 954 4022 D
965 3941 992 3993 h.
1004 3956 1033 3993 er
1040 3940 1148 4022 leonata
1159 3942 1267 4065 seineqJ
1265 3940 1390 3996 Drohun·

220 4015 291 4148 „al
304 4010 779 4150 attentastlffltl
832 4011 1214 4151 {ltdwllallltllthit
1232 4013 1389 4152 ..lura

218 4153 310 4208 Lac.“.
324 4152 540 4207 DcrAusdrack
549 4152 779 4234 gehbrtderVul-
832 4170 867 4206 zu
885 4151 957 4207 Milt.
976 4152 997 4220 1,
1016 4156 1042 4206 4.

239 4224 389 4294 drsprsche
404 4241 449 4279 an.
468 4223 533 4293 Vgl.
548 4222 778 4292 L1v.v111‚as‚a

219 4243 354 4366 Dagegen
361 4295 448 4351 findet
458 4296 517 4350 sich
527 4311 572 4349 res
583 4293 653 4347 mihi
663 4299 706 4348 est
715 4312 779 4349 cum
869 4294 903 4362 ²⁶)
923 4295 1007 4349 Janer
1022 4294 1129 4362 Oheim,
1149 4294 1240 4348 dieser
1255 4296 1388 4350 unechter

219 4365 314 4435 aliquo
333 4364 453 4421 anchin
473 4367 523 4421 der
542 4367 642 4421 besten
659 4365 755 4420 Prosa.
832 4365 939 4421 Bruder
957 4365 1006 4420 des
1025 4364 1230 4420 Pharnabazus.
