3028 4908
201 176 245 243 54
556 178 618 233 XV.
651 177 925 235 EPAMINONDAS.
951 185 975 234 8.
996 183 1021 234 9.

199 343 347 426 peterent
370 362 475 426 opem,
497 340 589 405 nulla
612 340 758 407 adhibita
781 341 938 407 memoria
961 339 1175 405 contumeliae
1199 341 1378 407 exercitum

166 431 370 496 eobsidione
402 430 577 494 liberatum
610 429 741 494 domum
777 430 905 494 reduxit
940 429 1145 494 incolumem.
1196 429 1267 495 Nec
1300 451 1378 495 vero

200 516 328 605 illud¹⁸)
352 519 453 585 semel
476 518 561 583 fecit
586 516 749 583 ‘Maxime
771 539 847 584 vero
872 518 933 583 hoc
955 517 1018 582 fuit
1039 517 1175 582 illustre.
1220 517 1260 582 In
1284 518 1379 583 Pelo·

202 629 381 693 ponncsum
401 606 577 672 exercitum
595 606 769 672 induxerat
787 606 941 672 adversus
955 605 1228 672 Lacedaemonios
1245 608 1378 689 [ale]

202 696 408 780 habebatque
423 695 565 779 collegas
580 695 670 779 duos,
685 716 823 779 quorum
837 694 919 760 alter
933 699 1003 759 erat
1015 694 1198 778 Pelopidas,
1211 696 1262 760 vir
1280 696 1379 761 fortis

165 800 183 849 4
202 806 239 850 ac
262 787 423 850 strennus.
460 782 584 859 Quibus
608 805 681 849 curn
704 805 790 849 anno
814 784 943 867 imperii
966 787 1079 847 exacto
1104 783 1186 851 alios
1209 789 1379 867 praetores

201 872 369 938 succedere
391 873 531 956 populus
554 872 713 955 iussisset,
733 870 975 955 Epaminondas
998 872 1112 956 populi
1134 872 1216 936 scito
1237 874 1280 952 [a.
1295 873 1377 955 369]

199 982 267 1026 non
284 960 394 1044 paruit
412 960 563 1043 idemque
582 963 618 1024 ut
630 961 774 1024 facerent
787 960 951 1043 persuasit
969 959 1119 1044 collegis:
1138 960 1271 1045 bellum,
1290 962 1379 1044 quod

201 1051 403 1134 susceperat,
430 1048 568 1113 feliciter
595 1049 707 1134 gessit.
752 1047 902 1132 Namque
931 1048 1225 1133 animadvertebat,
1252 1049 1317 1114 nisi
1343 1049 1379 1114 id

200 1137 337 1223 fecisset,
359 1141 466 1203 totum
489 1137 664 1202 exercitum
687 1138 821 1220 propter
843 1138 1031 1220 praetorum
1052 1137 1306 1220 imprudentiam
1328 1138 1377 1203 in-

166 1225 395 1311 tscitiamque
426 1226 505 1291 belli
537 1227 728 1309 periturum.
778 1225 846 1289 Lex
878 1230 948 1291 erat
979 1224 1115 1309 Thebis,
1151 1247 1234 1310 quae
1271 1234 1379 1292 morte

201 1314 380 1399 multabat,
413 1316 441 1379 si
473 1315 546 1398 quis
579 1314 750 1398 imperium
785 1314 905 1378 diutius
937 1314 1138 1397 retinuisset,
1174 1335 1272 1398 quam
1305 1317 1380 1400 lege

200 1404 406 1488 praefinitum
433 1404 526 1468 foret
571 1403 666 1468 Hanc
687 1401 932 1487 Epaminondas
960 1424 1033 1466 oum
1057 1403 1103 1467 rei
1129 1402 1278 1486 publicae
1302 1425 1379 1469 con-

200 1492 376 1558 servandae
396 1514 494 1558 causa
511 1492 611 1556 latam
628 1491 760 1574 videret,
779 1491 820 1555 ad
833 1491 1009 1575 perniciem
1028 1491 1170 1556 civitatis
1189 1489 1378 1577 conferri²⁹)

199 1581 318 1646 noluit:
342 1584 496 1667 quattuor
519 1581 685 1645 mensibus
710 1579 840 1662 diutius,
864 1600 962 1664 quam
981 1581 1122 1663 populus
1144 1580 1294 1665 iusserat,
1317 1582 1380 1645 im·

198 1671 324 1753 perium
348 1671 459 1756 gessit

167 1772 181 1819 1
290 1757 379 1823 VIII.
417 1757 597 1840 Postquam
620 1756 751 1820 domum
779 1756 920 1821 reditum
950 1759 1013 1838 est,
1042 1756 1187 1840 collegae
1215 1757 1284 1822 eius
1315 1757 1379 1823 hoc

202 1846 336 1910 crimine
355 1845 600 1910 accusabantur.
637 1844 762 1920 Quibus
785 1844 842 1908 ille
861 1844 1016 1928 permisit,
1038 1848 1075 1908 ut
1095 1865 1224 1908 omnem
1244 1866 1378 1911 causam

202 1935 237 1998 in
260 1956 294 1998 se
317 1933 532 1998 transferrent
559 1953 680 2016 suaque
709 1954 808 2017 opera
834 1933 957 1997 factum
980 1933 1227 2016 contenderent,
1249 1936 1287 1998 ut
1310 1934 1379 2020 legi

151 2096 154 2103 ,
201 2043 269 2086 non
297 2021 493 2086 oboedirent.
539 2019 611 2095 Qua
639 2021 825 2087 defensione
851 2021 917 2086 illis
940 2022 1084 2105 periculo
1111 2021 1257 2086 liberatis
1279 2044 1377 2088 nemo

200 2108 465 2194 Epaminondam
489 2131 720 2194 responsurum
743 2110 893 2194 putabat,
920 2108 1020 2194 quod,
1042 2110 1119 2193 quid
1146 2111 1281 2194 diceret,
1308 2128 1378 2176 non

165 2198 344 2263 aheberet.
389 2197 437 2263 At
458 2199 513 2263 ille
531 2199 567 2262 in
590 2199 745 2263 iudicium
768 2199 866 2283 venit,
888 2198 971 2262 nihil
995 2220 1105 2264 eorum
1128 2200 1270 2284 negavit,
1294 2221 1378 2284 quae

201 2287 375 2353 adversarii
402 2288 530 2353 crimini
558 2287 692 2366 dabant,
721 2287 906 2371 omniaque,
935 2308 1019 2371 quae
1047 2287 1190 2373 collegae
1218 2287 1379 2371 dixerant,

201 2377 367 2441 confessus
390 2398 458 2442 non
481 2377 643 2441 recusavit
666 2397 729 2460 quo
753 2375 860 2439 minus
887 2375 971 2461 legis
996 2396 1135 2460 poenam
1159 2376 1297 2459 subiret,
1322 2377 1378 2442 sed
1476 2394 1479 2401 ’

164 2480 301 2530 aunum
325 2466 366 2529 ab
388 2466 429 2529 iis
452 2465 584 2548 petivit,
607 2465 701 2529 utin
725 2463 872 2549 sepulcro
897 2485 955 2528 auo
978 2463 1205 2529 inscriberent:
1233 2462 1378 2548 ‘Epami-

200 2553 324 2619 nondas
349 2576 368 2618 a
391 2553 556 2618 Thebanis
580 2555 684 2618 morte
709 2553 866 2617 multatus
889 2555 948 2634 est,
970 2552 1057 2636 quod
1080 2574 1135 2617 eos
1159 2552 1267 2637 coegit
1290 2555 1378 2638 apud

200 2641 338 2708 Leuctra
362 2663 513 2726 superare
531 2641 813 2725 Lacedaemonios,
836 2662 917 2725 quos
937 2646 1013 2706 ante
1035 2641 1127 2705 illum
1145 2641 1378 2725 imperatorem

164 2745 296 2795 4nemc
319 2730 519 2795 Boeotorum
548 2751 646 2796 ausus
674 2730 782 2794 fuerat
805 2729 949 2813 aspicere
971 2730 1007 2794 in
1031 2728 1112 2812 acie,
1137 2729 1286 2814 quodque
1309 2753 1377 2795 uno

199 2819 323 2901 proelio
346 2839 415 2882 non
438 2818 544 2882 solum
563 2817 692 2882 Thebas
716 2818 757 2882 ab
781 2818 914 2882 interitu
936 2817 1082 2901 retraxit,
1104 2817 1160 2882 sed
1182 2818 1282 2882 etiam
1305 2819 1378 2884 uni·

200 2927 327 2972 versam
351 2904 522 2969 Graeciam
545 2906 579 2969 in
601 2905 787 2970 libertatem
810 2905 988 2971 vindicavit
1014 2927 1116 2990 eoque
1138 2927 1190 2971 res
1213 2909 1378 2972 utrorum-

198 3015 260 3078 que
283 2992 442 3077 perduxit,
464 2997 502 3057 ut
524 2992 672 3058 Thebani
691 2991 841 3077 Spartam
866 2998 1107 3078 oppugnarent,
1130 2994 1379 3061 Lacedaemonii

199 3082 279 3147 satis
309 3082 481 3164 haberent,
509 3083 538 3147 si
561 3081 645 3146 salvi
668 3102 739 3146 esse
761 3086 908 3166 possent,
937 3103 1041 3167 neque
1064 3083 1155 3167 prius
1178 3083 1300 3148 bellare
1324 3084 1378 3149 de-

163 3186 180 3235 5
199 3171 294 3254 stitit,
317 3192 414 3255 quam
438 3169 586 3236 Messene
610 3170 763 3235 restituta
785 3192 863 3255 opes
888 3192 999 3236 eorum
1022 3170 1142 3256 fregit'
1188 3171 1279 3237 Haec
1301 3194 1378 3237 oum

198 3258 340 3343 dixisset,
362 3258 448 3324 risus
472 3259 618 3324 omnium
642 3281 715 3324 cum
735 3258 902 3324 hilaritate
925 3263 1054 3325 coortus
1079 3263 1138 3343 eat,
1159 3281 1263 3344 neque
1287 3262 1377 3344 quis-

198 3370 296 3433 quam
323 3348 419 3413 iudex
447 3369 545 3413 ausus
573 3351 624 3411 cst
651 3347 690 3412 de
714 3347 858 3413 ecferre
889 3349 1090 3433 suffragium.
1135 3346 1188 3414 Sic
1211 3371 1231 3412 a
1253 3349 1377 3415 iudicio

199 3439 314 3521 capitis
338 3437 481 3502 maxima
503 3436 654 3501 discessit
677 3435 790 3520 gloria.

164 3542 178 3590 1
286 3525 343 3591 IX.
370 3527 526 3591 Extremo
545 3528 693 3609 tempore
711 3525 889 3609 imperator
908 3523 994 3608 apud
1012 3525 1214 3589 Mantineam
1237 3528 1280 3607 [a.
1294 3527 1374 3608 362]

197 3637 270 3681 cum
298 3616 367 3681 acie
394 3615 555 3680 instructa
583 3613 737 3679 audacius
760 3614 898 3678 instaret
920 3613 1085 3696 hostibus,
1108 3614 1258 3698 cognitus
1282 3620 1332 3680 est
1356 3639 1377 3679 a

197 3769 382 3828 Btotarchen.
418 3771 564 3826 Nunmehr
581 3769 688 3837 wurde,
709 3787 759 3824 um
812 3769 889 3825 eines
906 3768 1098 3836 Bhotarehen,
1116 3770 1174 3824 und
1191 3786 1251 3824 run
1268 3771 1376 3842 gelang

196 3840 348 3909 Pelopidas
361 3842 419 3896 und
427 3841 562 3897 Ismenias
576 3857 610 3895 zu
622 3839 757 3908 belreien,
811 3839 872 3894 ihm
903 3840 948 3895 die
979 3839 1132 3911 Befreiung
1159 3841 1240 3911 iener
1272 3841 1377 3897 beiden

197 3910 242 3965 die
265 3927 321 3966 von
338 3909 497 3967 Alexander
518 3928 575 3968 von
592 3910 686 3966 Phara
710 3927 758 3981 ge·
811 3911 937 3965 Menner.

196 3983 457 4108 ffiefflfflilffi
469 3982 761 4121 ufflfflffimessfflzgf
851 4016 884 4086 ¹⁸)
899 4014 1031 4070 Nemlioh
1043 4017 1077 4069 nt
1088 4014 1254 4072 iniuriarum
1264 4017 1377 4087 patien.

197 4123 333 4180 welchem
347 4124 397 4179 das
406 4124 481 4179 Heer
494 4125 524 4178 in
538 4141 605 4193 arga
615 4124 759 4191 Bedrtng·
812 4090 870 4142 lem
889 4103 918 4141 ⁸⁹
937 4087 1092 4156 praeberet*

196 4195 240 4249 ni⁸
266 4196 341 4251 kam·
382 4193 435 4249 Die
457 4193 584 4263 Bellunss
611 4193 759 4249 d0³⁸0lb011
852 4193 885 4262 ¹⁹)
904 4193 985 4248 Auch
1004 4192 1101 4249 hierzu
1119 4193 1221 4263 gehdrt
1238 4196 1314 4250 hanc
1332 4196 1376 4251 als

198 4265 285 4321 durch
305 4265 403 4336 Epam.
431 4266 547 4321 brachte
575 4266 672 4320 diesen
699 4264 759 4318 fdrs
814 4263 944 4335 Snbjekt,
970 4264 1031 4320 also
1051 4264 1104 4332 „in
1121 4264 1308 4335 Anwendung
1326 4283 1377 4338 go—

197 4334 328 4406 folgende
348 4338 419 4392 Jahr
441 4335 544 4392 wieder
566 4336 596 4390 in
619 4336 669 4391 das
692 4335 760 4390 Amt
812 4336 915 4391 bracht
933 4334 1044 4391 sahen“.
