3028 4908
216 197 259 263 34
674 199 708 255 a
735 199 833 256 DION.
856 206 882 256 4.
897 205 922 255 s.

215 363 256 427 ab
275 363 337 428 hac
350 363 521 428 voluntate
541 362 672 427 Philisti
690 363 826 428 consilio
845 363 1017 429 deterritus
1036 365 1205 449 aliquanto
1224 365 1391 432 crudelior
1494 364 1495 373 ’

215 473 284 516 esse
309 473 363 516 coe
386 452 422 516 it.

180 559 194 606 1
302 474 450 616 NpQui
469 539 598 624 quidem
617 561 690 604 cum
714 563 734 605 a
751 539 855 605 Dione
874 563 908 606 se
932 541 1078 625 superari
1098 541 1221 606 videret
1243 543 1387 629 ingenio,

214 629 422 707 auctoritate,
446 649 554 692 amore
576 629 703 713 populi,
725 630 846 694 veritus
869 650 923 713 ne,
951 631 980 694 si
1008 650 1080 693 eum
1104 651 1211 694 secum
1238 631 1386 716 haberet,

214 717 358 800 aliquam
387 717 587 782 occasionem
616 719 666 782 sui
694 717 786 782 daret
814 717 1029 802 opprimendi,
1055 740 1169 783 navem
1193 720 1222 783 ei
1246 721 1287 800 [e.
1303 721 1385 802 366]

215 806 312 888 dedit,
336 828 399 888 qua
418 803 656 892 corinthumfl)
679 806 896 889 deveheretur,
920 807 1126 891 ostenditque
1149 829 1183 871 se
1206 808 1239 871 id
1263 810 1384 874 utrius·
1494 882 1495 901 χ

216 915 277 979 que
295 893 402 958 facere
417 916 522 978 causa,
540 917 590 978 ne,
608 916 680 959 cum
695 895 780 959 inter
794 916 828 959 se
846 897 1006 974 timerent,
1025 893 1224 981 alteruter¹⁸)
1243 896 1384 962 alterum

179 986 474 1067 apraeoccuparet.
517 983 555 1048 Id
588 1005 660 1049 cum
693 983 787 1047 multi
817 984 1065 1067 indignarentur
1096 1006 1299 1070 magnaeque
1329 1009 1383 1051 res

214 1075 300 1136 essct
317 1071 458 1137 invidiae
476 1073 625 1156 tyranno,
644 1071 822 1156 Dionysius
841 1073 960 1155 omnia,
984 1095 1066 1157 quae
1084 1075 1208 1138 moveri
1230 1078 1385 1157 poterant

213 1159 339 1244 Dionis,
361 1160 395 1224 in
417 1182 517 1227 naves
540 1161 697 1245 imposuit
720 1161 759 1225 ad
783 1183 919 1245 eumque
942 1162 1041 1227 misit.
1087 1159 1140 1226 Sic
1163 1163 1249 1226 enim
1273 1165 1383 1228 existi·
1494 1200 1495 1211 κ

213 1249 297 1313 mari
319 1248 460 1333 volebat,
482 1250 516 1314 id
539 1270 573 1313 se
596 1271 661 1314 non
681 1249 754 1315 odio
777 1249 929 1333 hominis,
952 1250 1007 1314 sed
1027 1272 1103 1314 suae
1127 1251 1242 1315 salutis
1266 1252 1382 1317 fecisse
1494 1316 1495 1319 ,

177 1354 319 1407 accusa.
356 1338 475 1404 Postea
497 1360 573 1403 vero
597 1360 693 1423 quam
718 1336 884 1424 audivit¹⁹)
908 1359 981 1402 eum
1004 1339 1039 1402 in
1062 1338 1285 1422 Peloponneso
1316 1363 1382 1405 ma·

211 1448 289 1491 num
313 1448 501 1511 comparare
524 1427 649 1511 sibique
672 1427 795 1491 bellum
818 1427 923 1492 facere
946 1427 1066 1511 conari,
1089 1427 1222 1508 Areten,
1247 1429 1382 1511 [caco]
1494 1438 1495 1453 ¹

212 1514 328 1581 Dionis
357 1538 502 1595 uxorem,
531 1516 587 1580 alii
614 1521 750 1600 nuptum
781 1515 868 1580 dedit
890 1516 1055 1600 filiumque
1079 1517 1149 1581 eius
1177 1517 1224 1581 sic
1252 1518 1382 1582 educari
1494 1546 1495 1555 ¹

176 1624 193 1672 4
212 1605 318 1688 iussit,
337 1608 375 1669 ut
388 1604 585 1688 indulgendo
599 1604 796 1687 turpissimis
814 1604 1014 1668 imbueretur
1028 1604 1267 1688 cupiditatibus.
1294 1605 1381 1671 Nam

211 1715 322 1776 puero,
346 1693 437 1776 prius
461 1714 557 1777 quam
583 1693 686 1775 pubes
715 1695 814 1775 esset,
841 1692 993 1757 mulieres
1022 1693 1276 1778 adducebantur,
1304 1695 1380 1761 vino

175 1781 395 1938 sitth‘h
414 1780 1068 1953 01)ἔὲἓέἒῖ’ἱέθᾳὲἕτέὲᾚᾱὲῑωξῗὲι
1081 1781 1209 1935 uu
1223 1782 1381 1937 titt

211 1960 334 2021 statum
358 1891 590 2023 coinihutatum
614 1893 785 2023 ferrepnon
811 1959 918 2042 potuit
945 1893 1098 2045 (npaque
1121 1893 1262 2044 aptlpositi
1286 1965 1381 2026 erant

211 2045 374 2129 custodes,
407 2048 461 2130 qui
493 2068 566 2111 eum
600 2068 619 2110 a
649 2047 790 2129 pristino
822 2047 910 2112 victu
948 2046 1169 2132 deducerent),
1201 2053 1238 2112 ut
1271 2070 1305 2113 se
1343 2049 1382 2114 de

211 2135 375 2216 superiore
398 2138 491 2218 parte
515 2135 642 2199 aedium
665 2136 806 2201 deiceret
833 2139 929 2220 atque
951 2137 999 2199 ita
1021 2137 1177 2201 interiret.
1216 2134 1279 2201 Sed
1303 2138 1382 2203 illuc

208 2228 361 2288 revertor.

174 2331 188 2378 1
297 2310 337 2379 V.
376 2312 551 2397 Postquam
576 2309 768 2378 Corinthum
792 2309 985 2398 pervenit20)
1006 2311 1095 2377 Dion
1118 2315 1150 2376 et
1173 2313 1285 2378 eodem
1309 2336 1380 2397 per-

208 2399 294 2485 fugit
321 2402 362 2466 ab
388 2401 499 2466 eodem
522 2400 681 2485 Dionysio
709 2402 861 2486 expulsus
884 2400 1087 2483 Heraclides,
1111 2402 1166 2486 qui
1195 2400 1380 2486 praefectus

209 2489 316 2555 fuerat
347 2491 506 2575 equitum,
539 2491 627 2555 omni
658 2489 784 2554 ratione
816 2490 938 2555 bellum
970 2511 1157 2574 comparare
1194 2495 1380 2573 coeperunt.

175 2598 190 2646 2
211 2575 274 2643 Sed
292 2601 359 2644 non
373 2579 512 2643 multum
525 2578 747 2663 proficiebant,
761 2579 845 2663 quod
865 2580 1041 2644 multorum
1059 2600 1217 2643 annorum
1231 2581 1379 2662 tyrannis

210 2688 402 2751 magnarum
422 2689 520 2752 opum
542 2668 732 2751 putabatur:
756 2690 853 2752 quam
877 2668 918 2732 ob
943 2690 1073 2733 causam
1096 2667 1190 2751 pauci
1213 2669 1253 2732 ad
1277 2669 1378 2733 socie·

173 2775 189 2824 3
208 2760 311 2821 tatem
334 2756 468 2838 periculi
492 2756 759 2840 perducebantur.
804 2755 866 2821 Sed
889 2756 989 2839 Dion,
1016 2756 1119 2820 fretus
1147 2778 1214 2820 non
1239 2758 1280 2837 [a.
1295 2756 1379 2839 3571

208 2846 278 2907 tam
306 2845 373 2908 suis
402 2844 504 2927 copiis
532 2866 629 2927 quam
660 2845 733 2908 odio
763 2846 910 2928 tyranni,
937 2846 1080 2910 maximo
1111 2845 1220 2910 animo
1251 2845 1377 2911 duabus

208 2932 365 2996 onerariis
393 2932 530 2996 navibus
559 2933 794 3017 quinquaginta
821 2954 979 2998 annorum
1007 2933 1192 3016 imperium,
1214 2934 1377 2998 munitum

208 3021 453 3145 quadringentis
468 3021 575 3107 longis
591 3022 735 3104 navibus,
746 3021 855 3085 decem
870 3023 1013 3106 equitum
1024 3025 1215 3107 centumque
1228 3022 1377 3105 peditum

208 3109 340 3174 milibus
361 3107 402 3196 ²),
424 3109 586 3193 profectus
611 3114 842 3194 oppugnatum,
865 3111 948 3194 quod
973 3110 1124 3175 omnibus
1149 3111 1300 3197 gentibus
1325 3112 1379 3176 ad-

207 3198 356 3263 mirabile
379 3204 429 3263 est
446 3199 560 3282 visum,
583 3198 661 3263 adeo
684 3198 780 3264 facile
803 3199 949 3285 perculit,
971 3203 1009 3264 ut
1030 3203 1106 3282 post
1126 3200 1209 3264 diem
1232 3200 1378 3283 tertium,

208 3310 304 3374 quam
324 3285 468 3351 Siciliam
493 3288 656 3373 attigerat,
679 3285 853 3372 Syracusas
872 3289 1032 3354 introiret
1068 3288 1119 3352 Ex
1138 3310 1201 3372 quo
1224 3287 1376 3374 intellegi

206 3378 317 3461 potest
333 3376 460 3441 nullum
477 3397 547 3440 esse
566 3377 736 3460 imperium
754 3380 862 3442 tutum
880 3378 944 3441 nisi
963 3377 1187 3442 benevolentia
1204 3377 1377 3442 munitum.

171 3484 188 3532 4
207 3465 257 3531 uo
280 3469 426 3550 tempore
447 3466 559 3530 aberat
577 3465 754 3549 Dionysius
773 3469 805 3530 et
823 3467 857 3530 in
875 3466 972 3530 Italia
991 3466 1127 3532 classem
1148 3465 1380 3550 opperiebatur

243 3657 278 3727 Η)
296 3658 348 3713 Die
367 3658 550 3713 Mutterstadt
566 3673 622 3712 von
635 3657 763 3727 Syracus.
818 3673 848 3712 er
876 3659 976 3714 dessen
1002 3656 1131 3728 liegende
1158 3655 1246 3710 Gliter
1275 3655 1379 3726 einaog

243 3728 276 3795 18)
291 3730 370 3783 Alter
380 3730 501 3783 alterum
509 3729 604 3783 wlirde
611 3728 764 3784 einWech-
816 3730 874 3784 und
892 3728 990 3784 Gattin
1007 3728 1066 3782 und
1085 3727 1160 3783 Sohn
1178 3726 1327 3781 desselben
1345 3727 1378 3780 in

206 3799 404 3853 selverhtltnis
427 3800 608 3865 bezeichnen,
632 3817 665 3853 au
683 3815 762 3868 prae·
817 3801 866 3854 der
893 3801 954 3854 hier
980 3800 1178 3869 angegebenen
1203 3798 1298 3853 Weiss
1327 3797 1377 3853 be·

207 3885 343 3939 occupare
362 3870 422 3923 also
440 3887 492 3939 gar
509 3870 589 3925 nicht
605 3885 715 3939 passen.
815 3870 957 3926 handelte.
994 3869 1054 3924 Auf
1068 3870 1143 3925 diese
1161 3868 1375 3939 Veranlassung

243 3940 276 4010 19)
303 3941 385 3995 Plato
409 3956 467 3994 war
490 3945 541 3995 acl
570 3959 632 3994 zum
655 3940 761 3996 dritten
815 3943 873 3995 erst
898 3942 983 3997 fasste
1012 3940 1084 3997 Dion
1116 3942 1170 3995 den
1199 3939 1286 4007 Plan,
1319 3941 1376 3995 den

204 4010 264 4066 Mal
282 4012 354 4066 nach
373 4010 496 4080 Syrakus
514 4009 693 4081 gekommen,
711 4031 760 4067 um
813 4011 959 4081 &annea
999 4012 1052 4067 mit
1087 4011 1304 4081 Waffengewalt
1340 4028 1374 4065 au

205 4083 251 4138 die
279 4081 528 4152 Zurfictberufung
555 4082 605 4136 des
627 4081 699 4139 Dion
728 4102 761 4137 au
815 4088 934 4138 stamen.
1156 4108 1161 4118 ·

205 4154 350 4211 erwirken.
387 4152 454 4209 Dies
472 4153 574 4224 gelang
592 4152 651 4206 ihm
673 4153 761 4221 nicht,
852 4154 885 4223 ¹⁰)
905 4154 986 4209 Siehe
1004 4152 1085 4212 Anm.
1107 4160 1147 4208 19.

205 4224 342 4281 vielmehr
372 4225 463 4294 zeigte
494 4243 551 4278 nun
583 4226 652 4291 erat,
688 4225 761 4279 nach
852 4225 886 4297 ²¹)
905 4215 980 4280 liber
998 4224 1075 4281 dieas
1095 4224 1199 4279 Zahlen
1218 4224 1275 4293 vgl.
1290 4223 1372 4277 Diod.

204 4296 300 4352 Platos
326 4295 491 4365 Heimkehr,
519 4294 669 4364 Dionysius
701 4294 761 4350 sich
814 4296 887 4364 XVI,
907 4303 931 4353 9,
966 4295 1201 4351 Plut.Dion.14.
1234 4295 1294 4348 Ael.
1314 4311 1375 4350 var.

205 4368 284 4421 recht
302 4367 453 4436 feindselig
466 4383 557 4437 gagen
570 4365 651 4435 Dion,
666 4365 761 4421 indem
813 4366 878 4422 hist.
900 4369 946 4437 VI,
966 4374 1006 4423 12.
