3028 4908
593 194 758 251 anricus.
780 199 823 249 ro.
842 200 885 250 ar.
1282 196 1326 261 95

155 361 245 444 nato,
267 358 417 444 privigno
442 379 509 439 suo,
533 356 717 441 despondit:
741 379 822 441 quaa
846 356 1029 422 coniunctio
1052 357 1326 423 necessitudinem

157 469 265 513 eorum
292 444 455 533 sanxit⁶⁸),
477 445 733 512 familiaritatem
755 446 896 512 reddidit
918 446 1179 530 frequentiorem.

245 536 315 601 XX.
349 535 551 619 Quamquam
575 538 650 600 ante
669 534 749 599 haec
772 535 939 618 sponsalia
960 556 1026 599 non
1051 536 1165 618 solum,
1188 557 1261 600 cum
1284 536 1326 600 ab
1347 552 1360 600 1

155 626 235 689 urbe
259 624 403 708 abesset,
429 645 606 708 numquam
634 623 674 687 ad
699 644 831 688 suorum
854 645 1049 708 quemquam
1076 624 1204 689 litteras
1228 623 1327 709 misit,

155 715 234 797 quin
257 711 369 778 Attico
398 712 567 795 scriberet,
594 711 672 797 quid
698 708 870 797 agean),
900 712 933 776 in
956 711 1071 796 primis
1095 713 1172 797 quid
1194 714 1326 797 legeret,

155 803 336 886 quibusque
367 801 403 865 in
430 800 511 865 locis
544 804 577 865 et
604 800 757 884 quamdiu
789 803 876 865 esset
904 804 1101 884 moraturus,
1133 801 1189 865 sad
1217 801 1361 882 etiam,a

156 912 229 977 cum
248 894 334 956 esset
352 891 388 954 in
405 890 486 954 urbe
505 893 538 954 et
556 894 690 973 propter
708 889 853 955 infinitas
873 911 948 955 suas
968 890 1194 974 occupationes
1218 890 1325 954 minus

155 1001 260 1064 saepe,
284 1000 382 1063 quam
405 978 512 1061 vellet,
532 977 642 1043 Attico
665 977 838 1056 frueretur,
860 978 970 1043 nullus
993 978 1061 1043 dies
1084 982 1204 1043 temere
1227 978 1326 1042 intar-

154 1068 262 1151 cessit,
286 1089 350 1152 quo
373 1089 439 1132 non
463 1066 504 1133 ad
527 1089 601 1131 eum
624 1068 794 1146 scriberet,
818 1088 892 1132 cum
914 1066 1010 1132 modo
1034 1066 1157 1151 aliquid
1181 1066 1219 1131 de
1243 1067 1325 1131 anti·

154 1157 281 1241 quitata
305 1157 345 1221 ab
365 1177 402 1220 ao
426 1156 612 1240 requireret,
632 1155 728 1220 modo
753 1154 894 1239 aliquam
919 1157 1140 1239 quaestionem
1164 1156 1325 1240 potticam

154 1245 185 1309 ei
207 1247 413 1329 proponeret,
434 1244 596 1309 interdum
608 1244 727 1313 iocans
747 1244 814 1309 eius
834 1244 1036 1309 verbosiores
1055 1246 1185 1309 eliceret
1203 1244 1324 1326 epistu-

153 1335 212 1399 las.
257 1332 395 1416 Exque
425 1332 554 1415 accidit,
586 1353 657 1398 cum
686 1332 780 1397 aedes
807 1331 895 1397 Iovis
921 1331 1060 1397 Feretrii
1090 1333 1124 1397 in
1152 1330 1360 1416 capitoliqa

131 1434 138 1451 ·
155 1422 196 1486 ab
216 1421 355 1486 Romulo
379 1422 565 1504 constituta,
587 1425 750 1486 vetustate
772 1424 866 1505 atque
889 1422 1014 1486 incuria
1033 1421 1160 1485 deuon
1177 1421 1324 1506 prolabe-

153 1515 260 1593 retur,
291 1514 328 1574 ut
360 1509 464 1575 Attici
496 1509 662 1575 admonitu
695 1508 815 1574 Caesar
846 1531 915 1574 eam
948 1508 1156 1574 reficiendam
1189 1512 1324 1574 curaret.

152 1597 267 1683 Neque
286 1620 362 1663 vero
385 1621 405 1664 a
423 1597 466 1663 M.
485 1593 629 1663 Antonio
648 1599 755 1663 minus
775 1598 892 1663 absens
910 1599 1028 1664 litteris
1049 1599 1223 1680 colebatur,
1241 1599 1321 1663 adeo
1341 1615 1360 1663 4

155 1691 189 1752 ut
212 1691 361 1754 accurate
387 1688 442 1753 illa
470 1709 510 1752 ax
536 1687 661 1752 ultimis
689 1683 845 1773 terris⁶⁰),
874 1687 951 1771 quid
979 1692 1107 1771 ageret,
1135 1708 1229 1751 curae
1260 1687 1325 1751 sibi

151 1775 289 1842 haberet
320 1776 490 1842 certiorem
521 1775 629 1841 facere
661 1775 815 1841 Atticum.
870 1776 941 1841 Hoc
973 1776 1067 1861 quale
1107 1776 1165 1859 sit,
1196 1775 1361 1841 faciliuss

154 1864 354 1930 existimabit
390 1866 432 1949 is,
463 1866 519 1949 qui
550 1865 693 1931 iudicare
725 1865 860 1949 potarit,
893 1871 1033 1949 quantaa
1065 1865 1109 1929 sit
1145 1865 1324 1949 sapientiae

154 1975 266 2019 eorum
283 1954 422 2018 retinere
441 1975 536 2018 usum
553 1953 886 2038 benevolentiamque,
904 1955 989 2019 inter
1007 1976 1088 2039 quos
1109 1955 1324 2018 maximarum

153 2064 261 2107 rarum
283 2064 348 2107 non
372 2042 480 2109 solum
503 2042 693 2124 aemulatio,
716 2041 772 2106 sad
796 2042 990 2108 obtrectatio
1019 2047 1112 2107 tanta
1134 2043 1324 2120 intercedat,

153 2135 307 2215 quantam
326 2132 390 2196 fuit
408 2131 607 2195 intercedere
630 2151 762 2195 necesse
785 2130 871 2195 iuter
890 2128 1062 2195 Caesarem
1086 2136 1118 2195 et
1136 2131 1324 2213 Antonium,

153 2242 226 2284 cum
250 2243 285 2285 sa
307 2224 442 2304 uterque
465 2219 646 2304 principem
669 2240 736 2284 uon
759 2220 863 2283 solum
886 2219 976 2283 urbis
999 2218 1132 2302 Romae,
1155 2219 1213 2283 sed
1236 2219 1323 2284 orbis

152 2313 312 2374 terrarum
335 2330 406 2373 essa
429 2312 568 2392 cuperet.

240 2396 328 2462 XXI.
351 2397 423 2462 Tali
445 2396 541 2462 modo
565 2418 639 2462 cum
663 2400 786 2480 septem
810 2397 844 2459 et
863 2394 1072 2481 septuaginta
1090 2417 1193 2460 annos
1214 2396 1321 2476 [aaa]
1345 2412 1358 2459 r

152 2488 347 2571 complesset
365 2489 462 2569 atque
480 2485 520 2550 ad
539 2490 714 2549 extremam
733 2488 931 2561 senectutem
954 2506 1022 2549 non
1040 2484 1146 2548 minus
1164 2483 1323 2569 dignitate

153 2596 251 2659 quam
279 2575 387 2658 gratia
413 2574 605 2658 fortunaque
634 2574 787 2638 crevisset
812 2577 968 2656 tantaque
997 2573 1213 2656 prosperitate
1246 2595 1322 2637 usus

152 2665 239 2727 esset
255 2661 463 2741 valetudinis,
486 2666 524 2726 ut
542 2663 635 2726 annis
653 2662 792 2743 triginta
811 2658 1016 2745 medicinam)
1034 2683 1101 2726 non
1118 2661 1323 2745 indiguisset,

151 2754 269 2816 nactus
293 2755 343 2815 est
365 2749 524 2830 morbum,
548 2771 643 2834 quem
666 2750 759 2815 initio
783 2753 816 2814 et
837 2749 908 2833 ipse
932 2754 965 2814 at
985 2750 1101 2814 medici
1125 2756 1358 2834 contempsea

151 2842 242 2904 runt:
260 2860 337 2904 nam
351 2842 509 2924 putarunt
523 2860 593 2904 esse
607 2843 787 2923 tenesmon,
800 2839 853 2915 cui
866 2839 1008 2904 remedia
1022 2839 1139 2905 celeria
1153 2838 1322 2922 faciliaque

150 2928 426 3013 proponebantur.
472 2927 512 2992 In
540 2950 578 2993 eo
607 2950 681 2992 cum
708 2931 773 2991 tres
797 2948 924 2993 menses
952 2928 1021 2992 sina
1049 2927 1124 2992 ullis
1147 2927 1359 3010 doloribus,e

149 3020 480 3102 praeterquamquos
499 3039 539 3082 ax
556 3017 723 3082 curatione
747 3015 906 3101 capiebat,
929 3018 1194 3101 consumpsisset,
1213 3017 1322 3082 subito

151 3108 245 3171 tanta
278 3107 328 3171 vis
360 3106 467 3171 morbi
498 3105 533 3169 in
564 3107 665 3171 imum
696 3105 887 3171 intestinum
915 3106 1078 3191 prorupit,
1109 3110 1147 3170 ut
1179 3109 1321 3170 extremo

149 3196 295 3277 tempore
317 3217 376 3278 per
402 3194 532 3259 lumbos
555 3195 684 3259 fistulae
711 3194 801 3279 puris
830 3194 1003 3279 eruperint.
1049 3191 1195 3278 Cumque
1225 3197 1359 3259 anteat.

150 3283 257 3346 morbi
286 3281 530 3347 diuturnitatem
557 3304 623 3347 non
651 3282 788 3347 molesta
814 3283 959 3366 tulisset,
990 3285 1163 3367 postquam
1191 3283 1224 3346 in
1252 3282 1320 3347 dies

150 3370 279 3436 dolores
302 3392 482 3436 accrescere
504 3371 675 3457 febresque
699 3371 872 3436 accessisse
896 3372 1007 3453 sensit,
1021 3372 1201 3457 Agrippam
1225 3391 1320 3454 gene·

149 3481 222 3525 rum
254 3459 294 3524 ad
327 3481 362 3524 se
394 3461 514 3525 arcessi
549 3460 646 3525 iussit
677 3464 710 3524 et
739 3481 812 3524 cum
844 3482 881 3525 eo
912 3458 949 3526 L.
974 3458 1159 3525 Cornelium
1182 3458 1320 3523 Balbum

151 3547 347 3633 Sextumque
377 3547 589 3614 Peducaeum.
634 3549 703 3614 Hos
740 3552 777 3612 ut
812 3549 938 3613 venisse
974 3547 1068 3629 vidit,
1105 3549 1139 3613 in
1176 3547 1358 3613 cubiturus

149 3638 280 3703 innixus
304 3635 485 3723 ‘quantam'
508 3637 616 3721 inquit
644 3636 765 3702 ‘curam
790 3637 1057 3723 diligentiamque
1080 3637 1114 3701 in
1137 3636 1320 3701 valetudine

150 3748 223 3791 mea
244 3728 366 3791 tuenda
388 3726 451 3790 hoc
470 3729 616 3809 tempore
641 3725 855 3809 adhibuerim,
878 3747 950 3789 cum
973 3746 1031 3790 vos
1055 3728 1155 3790 testes
1172 3725 1320 3809 habeam,

150 3932 196 3990 Sic
215 3935 332 3990 brachte
347 3936 411 3990 dem
425 3935 595 3990 Octavianus
612 3933 708 3989 diesen
799 3934 842 4059 ⁶⁰2,
852 3936 910 3989 Aua
935 3935 988 3990 dan
1013 3933 1151 3990 batlichen
1168 3935 1320 3990 Provinaen

150 4004 233 4074 Sohn,
249 4004 303 4060 den
318 4009 449 4075 spateren
462 4005 560 4061 Kaisar
569 4006 706 4075 Tiberius,
761 4005 811 4060 des
844 4005 946 4074 siches,
960 3993 1320 4075 besonoersaushgypren,

148 4092 198 4131 aus
207 4077 283 4130 ihrer
292 4080 385 4131 ersten
392 4076 452 4132 Ehe
461 4076 515 4132 mit
523 4076 564 4133 Ti.
573 4076 707 4132 Claudius
761 4093 805 4132 vvo
823 4077 962 4132 Antonius
984 4077 1039 4132 seit
1055 4078 1105 4131 der
1123 4076 1257 4131 Schlacht
1274 4077 1321 4132 bei

147 4146 223 4202 Nero
242 4165 284 4202 au.
760 4146 855 4217 Philip
876 4149 886 4201 i
904 4147 965 4202 sich
982 4148 1068 4203 meist
1085 4147 1218 4202 anlhielt.

186 4219 220 4286 68)
239 4218 307 4273 Hier
326 4217 520 4286 „herstellan“.
798 4218 832 4288 ⁶¹)
851 4164 890 4272 dr
911 4235 970 4273 war
996 4236 1069 4274 avar
1095 4220 1182 4274 bfters
1205 4217 1320 4273 unwohl

187 4287 221 4360 ⁶⁹)
240 4288 359 4360 San'elrt
382 4288 419 4342 ist
444 4287 506 4342 hier
528 4287 583 4344 vvia
604 4287 633 4342 in
659 4288 708 4343 der
761 4306 898 4359 genesen,
908 4288 988 4344 hatte
998 4290 1058 4346 sich
1067 4290 1135 4345 aber
1149 4291 1219 4344 stats
1232 4289 1319 4345 durch

5 4380 7 4449 l
146 4376 254 4428 gamen
273 4359 391 4415 Perioda
411 4358 521 4415 Caesar.
761 4359 850 4416 blossa
869 4359 1040 4431 versichtige
1057 4359 1126 4416 Diae
1143 4361 1259 4430 gahailt.
