3028 4908
209 250 253 316 52
565 250 623 307 XV.
656 250 929 306 EPAMiNONDAS.
954 257 980 307 4.
1000 257 1025 306 5.

209 398 301 497 virgo
316 413 437 478 nubilis
446 415 579 497 propter
588 417 814 498 paupertatem
829 413 981 479 collocari
994 436 1060 479 non
1069 416 1192 498 posset,
1207 413 1389 479 amicornm

209 502 380 567 concilium
403 502 548 566 habebat
571 506 612 585 et,
635 506 792 586 quantum
811 503 946 587 quisque
970 502 1070 585 daret,
1094 523 1154 585 pro
1173 501 1389 567 facultatibus

174 589 401 674 simperabat.
436 590 585 674 Eamque
608 612 769 655 summam
793 613 865 655 cum
888 589 1079 674 confecerat,
1103 590 1284 655 adducebat
1303 612 1391 676 eum,

210 678 524 831 tristetur?
544 699 608 832 u
623 678 1073 851 uiuamus
1086 678 1391 851 acturust

355 816 364 850 7
1069 818 1079 852 7

173 886 175 893 s
211 855 327 939 cuique
350 854 490 920 deberet.
517 816 526 853 i

175 958 189 1005 1
299 941 355 1007 IV.
392 941 534 1007 Tentata
556 946 665 1007 autem
689 943 758 1007 eius
782 939 880 1029 est¹⁰)
905 943 1105 1008 abstinentia
1128 966 1148 1008 a
1170 942 1388 1009 Diomedonte

209 1028 381 1115 Cyzicenos
411 1052 552 1115 namque
579 1032 607 1095 is
637 1035 755 1116 rogatu
783 1030 975 1097 Artaxerxis
1008 1032 1095 1116 regis
1122 1031 1389 1115 Epaminondam

208 1120 345 1203 pecunia
372 1118 643 1204 corrumpendum
671 1123 865 1203 susceperat
911 1118 974 1195 Qui
997 1140 1117 1205 magno
1147 1142 1220 1185 cum
1242 1121 1388 1205 pondere

209 1207 280 1273 auri
295 1206 423 1273 Thebas
442 1230 515 1273 cum
529 1209 682 1293 venisset,
696 1206 877 1292 Micythum
892 1208 1180 1290 adulescentulum,
1200 1230 1296 1293 quem
1314 1213 1387 1274 tum

208 1295 455 1381 Epaminondas
482 1297 660 1380 plurimum
687 1296 859 1381 diligebat,
887 1297 1030 1381 quinque
1056 1296 1190 1362 talentis
1223 1296 1265 1361 ad
1294 1319 1388 1362 suam

209 1385 413 1450 voluntatem
450 1385 609 1469 perduxit.
663 1384 828 1469 Micythus
864 1384 1127 1469 Epaminondam
1163 1386 1318 1452 convenit
1355 1391 1388 1451 et

173 1486 342 1538 acausam
370 1473 527 1538 adventus
555 1474 782 1539 Diomedontis
811 1473 962 1540 ostendit
1012 1473 1057 1538 At
1084 1473 1139 1538 ille
1166 1472 1387 1540 Diomedonte

207 1582 317 1627 coram
346 1559 450 1625 ‘nihil'
478 1562 585 1646 inquit
613 1561 707 1646 ‘opus
734 1562 871 1647 pecunia
899 1567 959 1627 est:
991 1583 1068 1626 nem
1097 1562 1126 1626 si
1152 1583 1208 1626 rex
1236 1584 1275 1626 ea
1304 1563 1388 1646 vult,

208 1668 292 1734 quae
307 1649 472 1714 Thebanis
492 1656 569 1715 sunt
587 1650 691 1731 utilia,
709 1650 812 1735 gratis
830 1649 937 1715 facere
958 1672 1029 1716 sum
1046 1653 1191 1735 paratus,
1204 1650 1256 1714 sin
1274 1655 1386 1716 autem

208 1738 381 1820 contraria,
403 1759 470 1802 non
492 1739 593 1802 habet
616 1737 688 1802 auri
711 1743 808 1822 atque
831 1737 959 1823 argenti
984 1737 1074 1803 satis.
1119 1736 1272 1822 Namque
1296 1739 1385 1804 orbis

172 1841 188 1889 3
209 1829 372 1890 terrarum
395 1826 523 1890 divitias
547 1826 693 1908 accipere
717 1828 791 1891 nolo
815 1848 875 1911 pro
897 1826 1023 1911 patriae
1046 1827 1192 1891 caritate.
1224 1826 1275 1890 Tu
1298 1829 1386 1911 quod

207 1934 260 1978 me
283 1914 488 1998 incognitum
510 1916 646 1978 tentasti
668 1913 781 1997 tuique
805 1915 943 1979 similem
967 1915 1172 1997 existimasti,
1194 1936 1261 1979 non
1284 1916 1388 1981 miror

208 2001 334 2085 tibique
352 2000 503 2084 ignosco:
526 2003 583 2067 sed
602 2002 754 2088 egredere
772 2024 882 2087 prope,
905 2024 955 2087 ne,
977 2024 1051 2068 cum
1070 2024 1122 2067 me
1145 2024 1211 2068 non
1232 2005 1388 2091 potueris,

209 2090 291 2154 alios
316 2110 514 2172 corrumpas.
558 2089 605 2155 Et
630 2095 682 2175 tu,
703 2089 862 2175 Micythe,
892 2094 1063 2177 argentum
1086 2090 1162 2156 huic
1185 2091 1296 2176 redde,
1320 2098 1387 2177 aut,

172 2177 272 2242 enisi
296 2177 330 2241 id
352 2178 524 2244 confestim
546 2178 642 2265 iacis,
671 2199 732 2263 ego
754 2183 788 2244 te
811 2180 941 2245 tradam
963 2178 1192 2265 magistratui'.
1238 2178 1386 2265 Cumque

209 2266 393 2332 Diomedon
419 2271 566 2353 rogaret,
597 2272 635 2332 ut
662 2271 733 2333 tuto
766 2268 851 2333 exire
880 2289 1001 2352 suaque
1032 2267 1096 2332 sibi
1122 2268 1235 2332 liceret
1262 2269 1387 2354 efferre,

209 2354 310 2419 ‘istud
333 2354 474 2440 quidem'
497 2357 604 2441 inquit
627 2355 766 2442 Muciam,
788 2354 938 2442 nequest)
957 2360 1015 2421 tua
1033 2377 1140 2440 causa,
1160 2356 1216 2420 sed
1234 2378 1317 2436 mea,
1334 2380 1387 2444 ne,

208 2445 236 2508 si
259 2443 321 2508 tibi
349 2445 394 2508 sit
420 2446 557 2529 pecunia
584 2445 749 2530 adempta,
777 2444 894 2529 aliquis
923 2445 1010 2510 dicat
1038 2448 1184 2528 ereptum
1212 2444 1310 2509 idad
1333 2468 1385 2511 me

172 2532 404 2616 opervenisse,
427 2533 511 2618 quod
535 2534 677 2599 delatum
701 2534 847 2618 accipere
872 2531 1070 2599 noluissem'.
1115 2531 1256 2598 Etcum
1279 2534 1321 2599 ab
1346 2557 1385 2601 co

208 2622 402 2724 quaesisset,
432 2643 507 2723 quo¹
523 2642 558 2686 se
586 2622 699 2687 deduci
727 2624 838 2707 vellet,
867 2625 964 2723 atque
986 2621 1042 2686 ille
1065 2622 1211 2686 Athenas
1239 2622 1387 2726 dixisset,

206 2708 424 2881 pppelslpdmppd
437 2709 936 2883 dididrirdirtniiividlidtbesmirit·
945 2708 1293 2883 nabidirueasbdirdeidt,
1302 2715 1386 2885 eiiii

208 2882 384 2949 Chabriam
417 2883 662 2970 Atheniensem,
698 2887 737 2950 dc
774 2909 838 2971 quo
872 2908 970 2970 supra
1006 2887 1205 2952 mentionem
1237 2888 1385 2974 fecimus,

208 2972 323 3038 effecit.
370 2971 597 3039 Abstinentiae
621 2974 683 3039 erit
706 2975 768 3039 hoc
791 2974 871 3039 satis
894 2975 1084 3040 testimonii.

173 3075 187 3123 1
296 3059 336 3126 V.
368 3060 444 3125 Fuit
467 3062 566 3126 etiam
590 3062 743 3146 disertus,
770 3066 808 3127 ut
830 3083 926 3128 nemo
951 3064 981 3128 ei
1003 3062 1176 3129 Thebanus
1203 3086 1264 3149 par
1287 3069 1385 3151 esset,

207 3169 311 3232 neque
335 3150 443 3214 minus
466 3151 642 3217 concinnus
665 3152 699 3215 in
718 3152 879 3217 brevitate
902 3152 1121 3236 respondendi
1139 3174 1236 3236 quam
1258 3153 1295 3217 in
1312 3176 1386 3238 per-

171 3239 305 3319 apetua
328 3238 474 3303 oratione
498 3245 642 3305 ornatus.
683 3238 808 3305 Habuit
830 3241 1082 3306 obtrectatorem
1105 3244 1139 3305 et
1162 3241 1383 3310 adversarium

206 3326 240 3389 in
263 3325 522 3392 administranda
544 3328 712 3413 republica
734 3328 945 3394 Meneclidem
972 3330 1131 3413 quendam
1158 3330 1238 3394 satis
1262 3331 1383 3395 exerci-

206 3418 310 3479 tatum
329 3415 364 3479 in
381 3415 528 3495 dicendo,
544 3420 582 3480 ut
599 3416 790 3481 Thebanum
811 3416 948 3482 scilicet:
967 3439 1108 3502 namque
1125 3417 1176 3481 illi
1195 3418 1287 3502 genti
1305 3419 1380 3503 plus

170 3503 292 3567 einest
324 3503 443 3569 uirium
476 3526 574 3589 quam
606 3505 738 3590 ingenii.
784 3503 832 3589 Is,
860 3505 946 3590 quod
976 3506 1011 3570 in
1041 3528 1077 3571 re
1103 3505 1238 3570 militari
1265 3505 1382 3572 florere

206 3590 466 3676 Epaminondam
482 3593 621 3678 videbat,
640 3615 680 3659 ne
694 3593 781 3659 illius
796 3594 1004 3680 imperatoris
1023 3615 1122 3678 opera
1136 3593 1383 3681 desideraretur,

207 3679 332 3744 hortari
356 3682 483 3746 solebat
506 3681 689 3766 Thebanos,
711 3685 748 3746 ut
766 3704 880 3767 pacem
903 3683 989 3748 bello
1013 3682 1221 3748 anteferrent.
1257 3683 1303 3747 At
1326 3684 1382 3750 ille

207 3765 320 3831 ‘fallis'
335 3770 441 3852 inquit
454 3768 566 3836 ‘verbo
581 3772 677 3853 cives,
687 3771 772 3855 quod
787 3793 807 3834 a
819 3772 908 3836 bello
923 3792 1055 3836 avocas:
1074 3770 1133 3836 otii
1147 3772 1233 3836 enim
1246 3772 1382 3837 nomine

169 3870 187 3919 4
208 3855 397 3920 servitutem
425 3858 589 3923 concilias.
635 3858 720 3924 Nam
742 3861 867 3943 paritur
895 3881 960 3943 pax
983 3859 1081 3923 bello.
1124 3858 1239 3943 Itaque
1261 3861 1319 3944 qui
1342 3882 1382 3926 ea

208 3941 333 4007 diutina
364 3944 479 4010 volunt
509 3946 588 4032 frui,
620 3948 707 4013 bello
741 3949 908 4012 exercitati
939 3968 1010 4011 esse
1040 3947 1167 4011 debent
1213 3948 1320 4025 Quare
1353 3950 1382 4014 si

207 4031 368 4116 principes
389 4030 543 4099 Graeciae
566 4056 645 4119 pace
664 4040 844 4101 ceterorum
862 4035 960 4101 vultis
979 4056 1058 4118 esse,
1081 4036 1196 4101 castris
1216 4041 1267 4101 est
1284 4037 1380 4103 robis

171 4136 188 4185 5
207 4121 372 4205 utendum,
389 4141 457 4186 non
474 4123 659 4206 palaestra'.
694 4124 784 4189 Idem
802 4125 857 4189 ille
875 4123 1070 4189 Meneclides
1089 4146 1163 4190 cum
1177 4124 1381 4208 Epaminon-

242 4328 276 4399 10)
289 4328 444 4386 Vielleicht
455 4329 659 4388 imJahrearr.
678 4332 761 4386 Arta·
854 4331 887 4402 ¹¹)
904 4332 986 4387 Anm.
1004 4349 1039 4387 au
1057 4332 1132 4404 Ages
1150 4333 1197 4404 VJ,
1215 4339 1240 4388 3.

202 4415 298 4453 xerxes
316 4399 350 4452 H.
369 4401 501 4458 Mnemon
518 4407 669 4458 405-859.
