3028 4908
497 188 532 243 IL
560 184 843 243 Tflamsuocnss
862 191 887 241 b.
902 193 927 242 6.
1280 189 1301 253 9

129 351 263 416 subesse
282 350 423 433 credens,
445 349 603 434 postridie
622 349 821 414 alienissimo
841 348 904 414 sibi
923 350 1006 435 loco,
1024 351 1301 434 opportunissimo

128 438 280 503 hostibus
302 442 371 503 tam
390 441 529 525 angusto
549 438 631 502 mari
649 438 805 521 conflixit,
828 440 865 502 ut
883 437 952 502 eius
970 438 1146 504 multitudo
1168 440 1301 505 navium

129 526 284 609 explicari
312 549 379 592 non
404 530 525 612 posset.
569 525 686 591 Victus
710 533 760 591 est
786 525 888 610 igitur
910 528 1015 610 magis
1043 528 1143 592 etiam
1165 529 1301 594 consilio

128 614 359 681 Themistoclis
383 637 480 699 quem
503 615 603 680 armis
627 612 791 679 Graeciae.

218 703 257 769 V.
293 704 363 768 Rex
390 705 452 768 etsi
483 704 568 768 male
595 724 664 767 rem
693 705 853 789 gesserat,
880 706 992 769 tamen
1019 706 1132 769 tantas
1158 704 1336 771 habebetr

128 791 283 876 reliquias
315 792 546 877 copiarum,u
523 795 561 857 ut
588 791 687 857 etiam
718 796 789 856 tum
822 791 1005 876 opprimere
1036 797 1149 878 posset
1179 793 1301 859 hostes.

128 880 251 945 Iterum
274 880 316 946 ab
339 881 452 945 eodem
475 880 545 945 viro
569 880 671 964 gradu
689 880 842 965 depulsus
865 885 924 945 est.
956 879 1043 946 Nam
1063 880 1301 947 Themistocles

127 970 249 1034 veritus
276 990 317 1033 ne
349 970 473 1034 bellare
504 971 739 1070 perseveraret,
766 968 936 1033 certiorem
965 991 1038 1034 eum
1066 969 1145 1034 fecit
1174 970 1208 1034 id
1238 972 1302 1057 agi,

127 1060 282 1159 utpons,
305 1078 401 1141 quem
423 1057 511 1121 1110
501 1079 537 1121 ιιι
560 1056 775 1140 Hellesponto
806 1056 1301 1145 1111111,(1111111111111,11111

126 1145 210 1210 redit
195 1148 233 1209 tu
256 1145 291 1209 in
314 1145 430 1210 Asiam
452 1145 686 1228 excluderetur,
709 1144 805 1229 idque
829 1146 858 1209 ei
880 1108 1052 1247 persuasit.
1097 1146 1213 1231 Itaque
1237 1160 1336 1233 quaa

127 1237 282 1317 quattuor
313 1233 478 1298 mensibus
513 1234 576 1298 iter
608 1195 744 1317 1111111,
776 1232 889 1298 eadem
925 1234 1033 1299 minus
1065 1234 1290 1301 diebusum
1209 1258 1302 1319 qum-

127 1321 734 1475 1111111111111111111111
749 1320 1104 1493 1111111111
1105 1329 1303 1478 1111111

125 1499 264 1563 liberata
296 1495 378 1585 esu)
410 1498 625 1582 Europaeque
659 1498 827 1562 succubuit
858 1498 948 1563 Asia.
993 1498 1082 1563 Haeo
1115 1504 1165 1564 est
1197 1501 1336 1567 alterae

124 1586 274 1671 victoria,
297 1608 378 1670 quae
398 1607 471 1651 cum
489 1585 698 1653 Marathonio
716 1586 824 1669 possit
841 1589 1023 1671 comparari
1041 1593 1186 1671 tropaeo.
1214 1588 1300 1656 Nam

125 1676 199 1759 pari
222 1675 319 1740 modo
338 1675 424 1760 apud
443 1672 610 1740 Salamina
628 1696 730 1758 parvo
750 1695 887 1739 numero
905 1676 1038 1741 navium
1062 1677 1205 1741 maxima
1226 1682 1303 1761 post

125 1763 296 1828 hominum
318 1763 510 1828 memoriam
533 1762 648 1828 elassis
671 1766 722 1826 est
743 1762 879 1828 devicta.

214 1850 271 1916 VI.
307 1851 449 1936 Magnus
476 1852 538 1916 hoc
565 1852 651 1916 bello
681 1850 916 1916 Themistocles
948 1851 1012 1916 fuit
1038 1873 1098 1917 nec
1130 1853 1237 1918 minor
1268 1855 1336 1918 inl

125 1961 213 2024 pace.
258 1937 341 2005 (lum
369 1940 454 2004 enim
481 1938 651 2005 Phalerico
680 1943 778 2023 portu
805 1961 911 2023 neque
937 1961 1058 2025 magno
1088 1962 1192 2026 neque
1214 1942 1301 2007 bono

126 2028 344 2094 Athenienses
373 2032 554 2113 uterentur,
580 2028 670 2093 illius
693 2027 831 2092 consilio
858 2029 978 2111 triplex
999 2028 1127 2093 Piraeei
1153 2027 1301 2114 portus⁰)

126 2116 322 2182 constitutus
355 2116 588 2200 moenibusque
625 2116 843 2181 circumdatus
875 2120 939 2197 est,
973 2120 1010 2180 ut
1045 2116 1152 2199 ipsam
1188 2118 1301 2182 urbem

126 2205 289 2289 dignitate
308 2206 541 2290 aequiperaret,
560 2204 705 2269 utilitate
724 2207 901 2288 superaret.
928 2202 1018 2269 Idem
1034 2226 1143 2270 muros
1164 2207 1205 2286 [1.
1220 2208 1301 2288 418]

125 2293 378 2358 Atheniensium
401 2291 548 2359 restituit
570 2293 744 2376 praecipuo
766 2292 908 2375 periculo
932 2314 1000 2357 suo.
1030 2291 1182 2377 Namque
1204 2292 1336 2360 Lacca

127 2381 291 2446 daemonii
314 2402 446 2447 oausam
469 2381 620 2447 idoneam
643 2380 743 2459 nacti,
768 2401 834 2465 qua
855 2383 1015 2464 negarent
1038 2385 1187 2464 oportere
1211 2385 1302 2448 extra

125 2469 387 2621 Peloponnesum
419 2470 518 2533 ullam
550 2471 665 2534 urbem
697 2489 808 2533 muros
847 2467 982 2551 habere,
1013 2489 1055 2532 ne
1087 2475 1198 2533 essent
1229 2471 1303 2536 loca

126 2559 233 2622 munit
234 2580 269 2642 a,
310 2579 393 2641 quae
428 2557 539 2622 hostes
581 2556 802 2639 possiderent,
838 2554 1053 2621 Athenienses
1094 2556 1302 2623 aedificantes

125 2646 300 2730 prohibere
326 2649 403 2710 sunt
425 2644 542 2709 eonati.
507 2644 652 2709 t1Hoc
674 2645 773 2728 longe
798 2643 861 2708 alio
886 2645 1055 2728 spectabat
1078 2648 1175 2730 atque
1197 2645 1336 2712 viderie

125 2734 291 2799 volebant.
335 2731 554 2797 Athenienses
583 2733 670 2797 enim
698 2731 821 2797 duabus
848 2733 1007 2817 victoriis,
1034 2732 1142 2798 Marat
1143 2734 1242 2798 honia
1270 2743 1303 2800 et

127 2820 322 2906 Salaminia,
353 2825 480 2885 tantam
513 2821 653 2905 gloriam
685 2820 771 2904 apud
803 2842 914 2885 omnes
950 2825 1064 2905 gentes
1102 2826 1195 2887 erant
1227 2844 1301 2888 con·

126 2911 244 2994 secuti,
274 2915 311 2974 11
339 2910 565 2994 intellegerent
588 2907 836 2974 Lacedaemonii
863 2909 903 2974 de
925 2910 1111 2994 principatu
1142 2911 1206 2975 sibi
1228 2933 1300 2977 oum

124 2999 168 3064 iis
196 3003 361 3064 certamen
386 2998 466 3062 iore.
512 2997 618 3073 Quare
646 3018 701 3062 eos
730 3019 826 3082 quam
853 2997 1091 3064 infirmissimos
1120 3020 1191 3065 esse
1213 3001 1299 3065 vole-

124 3087 214 3153 bant.
250 3087 428 3170 Postquam
451 3087 553 3171 igitur
575 3085 746 3151 audierunt
767 3106 877 3151 muros
900 3086 1027 3172 instrui,
1042 3088 1175 3171 legatos
1197 3086 1298 3153 Athe·
1317 3105 1335 3154 4

125 3197 186 3240 nas
214 3174 389 3257 miserunt,
417 3176 471 3259 qui
494 3175 528 3239 id
543 3174 625 3239 -fieri
647 3177 806 3239 vetarent.
852 3173 975 3250 Quibus
1002 3175 1228 3259 praesentibus
1251 3177 1300 3241 illi

125 3264 289 3329 desierunt
322 3285 359 3328 ac
389 3284 423 3328 se
451 3263 490 3327 de
519 3283 557 3327 ea
584 3284 620 3327 re
652 3264 780 3347 legatos
813 3263 970 3328 missuros
1002 3264 1162 3329 dixerunt.
1207 3264 1336 3332 Hanco

124 3353 323 3438 legationem
357 3351 500 3435 suscepit
532 3350 768 3417 Themistocles
800 3354 834 3416 et
869 3352 958 3416 solus
994 3354 1102 3436 primo
1134 3353 1300 3438 profectus

57 3503 61 3512 ,
125 3444 190 3506 est:
213 3440 329 3524 reliqui
351 3440 453 3523 legati
475 3442 512 3504 ut
534 3443 605 3504 tum
628 3439 765 3522 exirent,
788 3460 862 3504 cum
885 3440 965 3505 satis
987 3441 1047 3504 alti
1069 3441 1189 3506 tuendo
1213 3442 1300 3507 muri

124 3530 281 3594 exstructi
294 3528 486 3612 viderentur,
503 3528 684 3612 praecepit:
699 3527 830 3592 interim
845 3550 967 3612 omnes,
982 3529 1069 3592 servi
1087 3531 1183 3611 atque
1195 3529 1299 3613 liberi,

123 3638 206 3701 opus
224 3615 370 3682 facerent
387 3638 492 3701 neque
510 3617 570 3681 ulli
586 3617 658 3680 loco
674 3620 851 3701 parcerent,
866 3616 934 3680 sive
949 3637 1040 3680 sacer
1053 3616 1121 3682 sive
1135 3616 1300 3703 profanus,

124 3705 193 3771 sire
217 3706 364 3790 privatus
384 3708 470 3769 esset
488 3705 556 3770 sire
574 3704 735 3788 publicus,
753 3709 787 3768 et
809 3703 949 3788 undique
974 3704 1060 3788 quod
1086 3705 1239 3770 idoneum
1259 3707 1299 3771 ad

124 3794 335 3858 muniendum
361 3797 531 3877 putarent,
553 3795 773 3877 congererent.
819 3792 889 3869 Quo
912 3792 1036 3857 factum
1064 3798 1115 3860 est
1137 3799 1174 3859 11
1196 3794 1298 3859 Athe-

123 3883 286 3948 niensium
309 3882 394 3946 muri
412 3881 464 3947 111
485 3903 525 3946 ex
548 3882 676 3947 sacellis
700 3882 920 3965 sepulcrisque
944 3884 1140 3948 constarent.

167 4126 189 4196 ⁸)
220 4124 300 4181 Dooh
332 4124 410 4180 blieb
442 4124 604 4181 Mardonius
633 4125 686 4180 mit
747 4147 750 4154 ·
776 4125 798 4193 9)
826 4123 883 4178 Der
900 4125 1015 4180 Ausbau
1037 4126 1087 4181 des
1110 4127 1224 4181 Piraeus
1251 4126 1298 4181 be·

123 4202 241 4253 1100000
259 4194 345 4251 Manu
364 4196 508 4266 Kerntrup
509 4213 563 4266 pen
576 4196 607 4250 in
620 4195 685 4251 Hel·
740 4211 816 4264 genn
839 4195 927 4250 sehon
950 4212 1001 4251 vor
1024 4197 1088 4251 dem
1106 4195 1227 4251 Einfalle
1251 4196 1300 4252 des

122 4268 168 4323 las
186 4267 291 4321 1111111
310 4267 367 4321 und
385 4267 481 4322 words
489 4215 582 4323 peret
573 4285 614 4322 rm
631 4266 685 4322 fol·
739 4264 857 4334 Xerxes,
876 4267 972 4322 warde
990 4266 1059 4323 aber
1082 4270 1209 4323 0111417
1228 4266 1300 4322 voll-

122 4339 236 4410 111111
250 4338 336 4393 Jabre
354 4338 471 4408 besiegt
740 4337 832 4392 endet
