3028 4908
175 264 217 328 86
625 263 785 320 ATTIOUS.
809 269 895 320 2-4.

175 426 318 510 Sulpicio
356 431 570 510 posteaquam
602 427 684 492 111111
715 424 861 493 Cinnano
898 427 1041 492 tumultu
1074 427 1238 491 civitatem
1273 447 1345 490 esse

173 514 1346 689 1111111111111111111111111111ῗὲ11

138 711 208 758 311
231 694 378 759 eontulit.
423 693 472 757 Ae
498 714 540 757 ne
568 715 607 758 ea
629 693 847 778 peregrinatio
876 692 1107 758 detrimentum
1130 691 1262 776 aliquod
1292 692 1346 756 ad·

172 783 271 847 ferret
292 783 338 846 rei
356 781 519 865 familiari,
541 783 655 847 eodem
671 803 824 867 magnam
842 786 969 868 partem
989 782 1195 847 fortunarum
1214 802 1346 844 suarum

172 870 308 936 traiecit.
345 869 418 934 Illic
437 870 483 934 ita
502 870 591 955 vixit,
613 876 651 935 ut
668 871 828 936 universis
847 872 1100 936 Atheniensibus
1124 869 1240 935 merito
1258 872 1346 934 esset

137 978 154 1025 4
173 960 370 1026 carissimus.
413 956 500 1023 Nam
523 963 652 1043 praeter
674 960 826 1044 gratiam,
849 982 933 1045 quae
956 962 1022 1025 1111
1044 960 1080 1024 in
1102 958 1344 1024 adulescentulo

172 1070 292 1133 magna
310 1051 389 1132 erat,
408 1069 505 1131 saepe
524 1049 591 1112 suis
610 1049 727 1132 opibus
741 1048 885 1133 inopiam
904 1071 1016 1114 eorum
1030 1047 1196 1132 publicam
1214 1047 1347 1112 1111111

173 1136 255 1201 Cum
282 1136 369 1202 enim
397 1158 563 1202 versuram
589 1136 697 1202 facere
725 1138 854 1221 publice
883 1159 1014 1203 necesse
1037 1141 1123 1202 esset
1148 1157 1252 1219 neque
1276 1136 1345 1201 eius

172 1227 392 1291 condicionem
421 1247 557 1310 aequam
583 1225 754 1310 haberent,
781 1249 909 1310 semper
937 1248 972 1291 se
994 1225 1190 1309 interposuit
1215 1225 1277 1307 ita,
1306 1227 1345 1288 ut

172 1336 277 1399 neque
299 1336 433 1380 usuram
459 1315 607 1398 iniquam
630 1315 672 1379 ab
700 1316 741 1379 iis
763 1315 923 1401 acciperet
945 1337 1050 1399 neque
1072 1314 1215 1399 longius,
1246 1334 1346 1396 quam

138 1421 154 1470 5
174 1404 294 1470 dictum
313 1408 409 1488 esset,
428 1403 543 1468 debere
561 1425 616 1468 eos
630 1407 806 1488 pateretur.
842 1403 934 1480 Quod
953 1408 1125 1487 utrumque
1142 1402 1183 1466 iis
1203 1401 1345 1466 salutare

173 1496 259 1558 erat:
279 1515 357 1557 nam
379 1513 483 1577 neque
506 1492 705 1576 indulgendo
728 1495 966 1558 inveterascere
989 1514 1100 1557 eorum
1124 1512 1179 1556 aes
1202 1491 1345 1555 alienum

136 1582 357 1666 spatiabatur
387 1603 492 1665 neque
524 1581 777 1667 multiplicandis
809 1583 917 1646 usuris
948 1603 1098 1646 erescere.
1148 1581 1251 1644 Auxit
1281 1578 1345 1643 hoc

168 1671 317 1737 ‘officium
336 1669 402 1736 alia
416 1691 543 1754 quoque
559 1669 769 1735 liberalitate:
788 1691 865 1734 nam
884 1671 1052 1736 universos
1065 1669 1228 1734 frumento
1244 1667 1345 1734 dona-

172 1760 233 1842 vit,
264 1760 311 1824 ita
342 1762 379 1823 ut
412 1758 550 1843 singulis
584 1759 653 1823 seni
685 1758 786 1823 modii
814 1759 916 1823 tritici
944 1759 1111 1824 darentur:
1144 1758 1200 1842 qui
1229 1756 1345 1822 modus

173 1869 341 1913 mensurae
364 1843 577 1933 medimnus9)
602 1847 742 1912 Athenis
765 1847 957 1931 appellatur.

138 1955 151 2001 1
260 1935 321 2001 ΙΠ.
345 1935 453 2020 Atque
473 1935 519 1998 sic
538 1957 572 1999 se
591 1936 739 2020 gerebat,
761 1942 798 2001 ut
820 1936 1000 2002 communis
1023 1936 1154 2019 infimis,
1173 1957 1231 2019 par
1254 1935 1343 2018 prin-

173 2026 299 2108 cipibus
322 2023 494 2089 videretur.
531 2022 602 2100 Quo
620 2023 742 2088 factum
765 2027 816 2089 est
839 2028 876 2090 ut
898 2027 929 2089 ei
952 2046 1074 2108 omnes,
1097 2046 1178 2109 quos
1196 2027 1343 2108 possent,

171 2115 310 2178 honores
329 2113 457 2197 publice
475 2111 635 2177 haberent
653 2114 819 2197 civemque
837 2115 945 2179 facere
965 2113 1144 2179 studerent:
1166 2134 1230 2197 quo
1248 2112 1346 2176 bene-

136 2203 245 2269 nfioio
279 2202 335 2266 ille
367 2203 415 2267 uti
446 2201 561 2268 noluit.
610 2200 716 2287 Igitur
749 2203 890 2287 primum
922 2202 1003 2267 illud
1035 2224 1151 2267 munus
1182 2202 1344 2285 fortunae,

171 2291 257 2378 quod
284 2292 319 2355 in
346 2313 384 2356 11
415 2291 621 2375 potissimum
652 2291 732 2355 urbe
763 2299 859 2357 natus
888 2295 950 2374 est,
981 2290 1017 2355 in
1046 2313 1110 2375 qua
1141 2290 1344 2355 domicilium
1381 2335 1383 2338 ι

171 2382 259 2446 orbis
287 2384 448 2445 terrarum
472 2385 558 2445 esset
580 2379 722 2464 imperii:
748 2380 812 2446 hoc
835 2381 1001 2464 specimen
1023 2379 1224 2463 prudentiae,
1248 2379 1345 2462 quod,

172 2492 245 2536 eum
267 2471 302 2534 in
321 2491 393 2534 eam
412 2469 577 2535 civitatem
596 2490 630 2533 11
649 2471 851 2552 contulisset,
870 2490 951 2552 quae
971 2469 1176 2553 antiquitate,
1195 2468 1345 2532 humani·

170 2563 253 2645 tate,
280 2559 430 2624 doctrina
452 2561 636 2641 praestaret
659 2579 785 2636 omnes,
815 2563 963 2642 essetque
987 2580 1069 2623 unus
1093 2558 1123 2622 ei
1146 2555 1345 2634 carissimus,

136 2654 283 2714 atamen
309 2649 401 2713 illam
428 2648 568 2731 patriam
595 2668 632 2711 ae
660 2643 837 2733 domum10)
869 2647 989 2711 habere
1012 2646 1138 2710 maluit.
1183 2645 1345 2721 Quamdiu

172 2742 280 2803 autem
303 2735 443 2801 Athenis
472 2735 591 2819 adfuit,
617 2757 658 2800 ne
681 2757 745 2820 qua
772 2737 836 2801 sibi
859 2740 969 2801 statua
991 2739 1179 2819 poneretur,
1207 2734 1343 2799 restitit:

172 2828 288 2892 absens
303 2825 475 2909 prohibere
497 2846 563 2889 non
581 2824 697 2909 potuit
733 2824 832 2889 Illum
852 2826 938 2889 enim
956 2826 991 2888 in
1010 2826 1099 2889 omni
1116 2823 1344 2907 procuratione

170 2916 217 2979 rei
240 2912 389 2998 publicae
413 2915 555 2977 actorem
578 2916 804 2997 auctoremque
826 2913 1017 2978 habuerant

137 3020 151 3066 1
258 2999 316 3066 IV.
345 3000 470 3065 Eodem
493 3023 532 3065 ex
555 2998 636 3066 Asia
659 2999 749 3066 Sulla
772 3001 928 3066 decedens
951 3024 1024 3067 eum
1047 3001 1200 3083 venisset,
1223 3001 1345 3081 [184]

171 3090 323 3176 quamdiu
341 3090 387 3154 ibi
405 3088 478 3173 fuit,
498 3110 607 3154 seeum
621 3089 737 3154 habuit
750 3089 976 3175 Pomponium,
994 3094 1109 3176 captus
1128 3090 1344 3155 adulescentis

171 3187 204 3245 et
230 3179 432 3244 humanitate
460 3183 493 3242 et
520 3178 676 3245 doctrina.
722 3176 775 3244 Sic
803 3179 889 3243 enim
918 3179 1039 3244 Graece
1071 3180 1278 3263 loquebatur,
1305 3181 1344 3242 ut

170 3268 310 3333 Athenis
338 3271 436 3332 natus
463 3267 638 3332 videretur:
668 3271 763 3332 tanta
787 3272 896 3332 autem
920 3270 1063 3333 suavitas
1092 3271 1162 3332 erat
1185 3268 1345 3332 sermonis

170 3358 295 3444 Latini,
327 3360 363 3421 ut
395 3360 566 3441 appareret
592 3356 626 3419 in
654 3378 692 3421 1ο
724 3358 872 3423 nativum
900 3357 1059 3442 quendam
1091 3357 1236 3441 leporem
1264 3377 1362 3438 esses

170 3469 237 3511 non
259 3446 406 3511 ascitum.
442 3445 534 3510 Idem
552 3448 704 3530 pobmata
723 3446 959 3529 pronuntiabat
981 3450 1014 3509 et
1031 3444 1153 3510 Graece
1175 3449 1208 3509 et
1226 3445 1344 3509 Latine

136 3536 232 3621 usic,
254 3539 291 3600 ut
313 3536 395 3600 nihil
418 3539 530 3619 posset
553 3556 661 3618 supra.
705 3533 829 3610 Quibus
855 3534 951 3600 rebus
973 3535 1097 3600 factum
1120 3538 1230 3599 estut
1253 3532 1344 3598 Sulla

170 3646 329 3709 nusquam
360 3646 434 3690 eum
463 3625 505 3688 ab
537 3645 570 3687 se
600 3623 779 3688 dimitteret
811 3628 1005 3708 cuperetque
1038 3645 1145 3689 secum
1178 3621 1344 3687 deducere.

172 3712 264 3788 Quod
283 3735 356 3778 cum
374 3712 565 3798 persuadere
584 3714 737 3794 tentaret,
755 3712 844 3796 ‘noli,
863 3734 920 3778 oro
939 3710 994 3796 te',
1012 3713 1119 3796 inquit
1133 3711 1344 3796 Pomponius,

171 3801 353 3867 ‘adversum
385 3823 440 3867 eos
472 3823 524 3866 me
557 3801 639 3866 11111
671 3800 800 3886 ducere,
831 3823 903 3866 eum
937 3802 1055 3886 quibus
1091 3822 1132 3865 ne
1165 3805 1280 3866 contra
1312 3808 1345 3863 te

172 3941 217 3996 ein
230 3940 339 3994 Bruder
352 3939 402 3994 des
411 3939 441 3995 P.
453 3939 566 3995 Clodius
574 3939 622 3994 bei
634 3938 731 3995 Cicero
784 3938 850 3995 teilt
876 3939 971 3995 wurde
1003 3939 1061 3993 und
1092 3938 1142 3994 der
1168 3934 1267 4002 incede
1293 3957 1346 3994 un-

172 4012 215 4067 111
232 4011 410 4066 schlecbthin
427 4011 543 4081 Appius.
785 4011 887 4080 gelthr
905 4009 969 4064 dem
987 4010 1146 4066 1111111111
1158 4011 1344 4066 1111111111-

208 4083 230 4151 8)
253 4083 317 4138 Von
344 4082 448 4137 seinem
474 4080 592 4150 langern
614 4080 732 4136 Aufent
785 4081 894 4151 apraoh,
909 4097 940 4135 so
949 4080 1020 4135 wird
1029 4097 1160 4152 ungenau
1170 4083 1256 4137 1111111
1271 4082 1345 4137 anch

170 4153 249 4210 halte
272 4152 400 4208 daselbst
422 4151 524 4207 erhielt
541 4169 572 4207 11
596 4153 652 4207 den
668 4151 732 4207 Bei·
786 4152 836 4206 der
870 4153 1028 4207 Medimnus
1069 4153 1150 4208 aechs
1186 4152 1346 4210 rdmisehen

171 4241 274 4280 namen
291 4224 411 4279 Atticus.
785 4221 875 4278 Medii
893 4223 1103 4294 gleichgesetzt.

208 4295 302 4365 1)1111
325 4296 459 4350 attiseher
480 4292 638 4349 Medimnus
661 4293 734 4349 bielt
825 4294 858 4363 ¹⁰)
878 4294 976 4350 Patria
993 4295 1051 4349 und
1069 4295 1167 4350 domus
1190 4294 1267 4349 blieb
1284 4295 1346 4349 ihm

172 4366 269 4421 sieben
295 4364 435 4421 romische
457 4364 555 4421 Medii.
596 4365 641 4421 Da
665 4366 734 4420 aber
787 4365 867 4432 Rom,
886 4383 966 4420 11111
985 4365 1057 4421 auch
1071 4367 1164 4421 Athen
1181 4366 1266 4436 lange
1285 4366 1347 4420 sein

173 4438 223 4491 der
240 4437 398 4491 Medimnns
420 4438 452 4492 in
474 4438 554 4492 sechs
580 4433 669 4498 ἑκτεῑς
686 4451 734 4506 ge·
788 4435 961 4491 domicilium
978 4455 1045 4494 1111.
