3028 4908
510 211 570 265 VII.
598 210 823 268 ALCIBIADES.
848 217 872 266 8.
887 218 912 268 9.
1255 213 1298 278 25

124 379 177 440 ter
205 378 262 439 aut
289 375 451 438 malitiose
479 374 595 439 fecisse
619 375 840 459 loquerentur,
864 376 950 439 sicut
977 379 1048 440 tum
1072 377 1200 440 accidit:
1222 400 1298 442 nam

125 467 314 547 corruptum
343 485 363 526 a
394 485 471 548 rege
500 464 626 527 vincere
659 464 727 528 illic
753 463 958 546 Lysandrum
990 464 1132 528 noluisse
1164 465 1298 549 ideoque

126 553 248 617 afuisse
267 552 375 634 ipsum
395 549 629 638 arguebantffl).
657 551 772 635 ltaque
791 552 867 616 huic
886 552 1025 616 maxime
1044 556 1195 636 putamus
1210 555 1297 619 malo
1317 565 1333 615 a

125 642 227 705 fuisse
254 640 391 703 nimiam
415 641 601 723 opinionem
629 641 754 726 ingenii
781 644 878 724 atque
901 641 1041 704 virtutis.
1087 640 1224 705 Factum
1248 648 1299 708 est

125 732 234 793 autem
258 729 300 792 ob
323 728 415 792 illam
435 729 559 793 cladem
579 729 664 812 apud
683 728 851 813 Ephesum
871 733 1045 813 acceptam,
1064 735 1101 792 ut
1119 730 1247 795 absenti
1266 735 1298 795 et
1354 738 1357 745 “

125 818 356 901 magistratum
375 817 572 902 abrogarent
586 822 620 881 et
639 817 737 881 alium
756 817 790 881 in
805 817 873 881 eius
888 817 994 882 locum
1010 818 1243 883 substituerent
1249 816 1298 905 ²⁰).

124 906 163 970 Id
191 906 246 969 ille
275 909 312 969 ut
339 905 476 986 audivit,
499 906 630 970 domum
658 906 777 969 reverti
798 905 907 970 noluit
935 911 967 970 et
995 928 1029 970 se
1051 904 1197 990 Pactyen
1225 918 1333 972 con-4

125 995 203 1058 tulit
224 994 333 1077 ibique
357 994 482 1078 aliquot
505 995 640 1058 castella
663 995 866 1071 communiit,
890 1016 1052 1078 manuque
1075 996 1212 1060 collecta
1234 998 1297 1079 pri-

125 1104 198 1147 mus
226 1083 355 1166 privato
383 1082 518 1146 consilio
546 1084 580 1146 in
602 1082 793 1147 Thraeciam
816 1083 957 1164 introiit,
985 1083 1161 1168 gloriosius
1190 1085 1297 1148 existi-

124 1193 220 1235 mans
248 1171 462 1235 barbarorum
490 1171 611 1253 praeda
633 1171 825 1255 locupletari
854 1193 950 1254 quam
974 1171 1182 1237 Graecorum.
1227 1171 1332 1248 Quat

126 1282 167 1324 ex
189 1282 224 1324 re
247 1256 436 1346 creveratffl)
460 1281 532 1324 cum
555 1259 644 1323 fama
661 1263 731 1323 tum
751 1260 868 1342 opibus
887 1279 1102 1344 magnamque
1122 1262 1298 1326 amicitiam

126 1349 191 1412 sibi
214 1370 287 1412 cum
310 1348 503 1432 quibusdam
526 1348 659 1431 regibus
684 1347 860 1412 Thraeciae
883 1353 1062 1430 pepererat.

215 1434 305 1501 VIII.
346 1435 458 1520 Neque
491 1440 600 1500 tamen
631 1458 651 1499 a
679 1436 815 1500 caritate
847 1440 972 1518 patriae
1004 1436 1112 1519 potuit
1141 1437 1332 1502 recedere.1

124 1524 211 1590 Nam
232 1547 303 1589 cum
323 1525 408 1609 apud
427 1526 537 1608 Aegos
555 1523 674 1588 flumen
693 1524 868 1608 Philocles,
889 1528 1022 1609 praetor
1041 1526 1298 1608 Atheniensium,

123 1615 263 1680 classem
283 1614 504 1678 constituisset
523 1635 615 1677 suam
633 1635 737 1696 neque
756 1612 852 1696 longe
871 1615 1001 1677 abesset
1018 1612 1142 1697 Lysan-
1163 1617 1204 1696 [a.
1218 1616 1297 1697 405]

125 1704 195 1782 der,
222 1706 355 1785 praetor
387 1701 729 1785 Lacedaemoniorum,
757 1702 812 1785 qui
838 1703 873 1765 in
897 1723 935 1766 eo
963 1706 1034 1766 erat
1057 1707 1233 1786 occupatus
1262 1716 1300 1768 ut

124 1791 247 1855 bellum
277 1812 372 1874 quam
405 1791 584 1855 diutissime
616 1790 759 1872 duceret,
787 1790 873 1874 quod
900 1791 979 1873 ipsis
1008 1792 1143 1874 pecunia
1173 1815 1192 1855 a
1221 1814 1298 1878 rege

125 1878 398 1963 suppeditaretur,
411 1878 666 1943 Atheniensibus
690 1879 856 1943 exhaustis
879 1882 1008 1962 praeter
1030 1901 1121 1943 arma
1145 1889 1176 1944 et
1198 1902 1297 1945 naves

124 1967 209 2031 nihil
233 1971 428 2051 superesset,
455 1967 642 2032 Alcibiades
667 1968 706 2031 ad
736 1967 912 2032 exercitum
938 1968 1028 2032 venit
1050 1967 1332 2043 Atheniensium

123 2056 234 2141 ibique
263 2061 431 2139 praesente
454 2057 553 2139 vulgo
577 2076 673 2139 agere
695 2057 817 2139 coepit:
846 2056 874 2120 si
897 2057 1031 2137 vellent,
1055 2078 1089 2119 se
1112 2062 1298 2141 coacturrqn

124 2143 327 2229 Lysandrum
347 2150 403 2209 aut
422 2144 573 2209 dimicare
594 2147 650 2207 aut
668 2165 782 2227 pacem
800 2147 910 2228 petere
930 2144 1117 2229 spopondit:
1142 2146 1298 2211 Lacedae·

124 2234 252 2298 monios
273 2255 310 2297 eo
335 2234 422 2297 nolle
441 2234 545 2298 classe
569 2233 754 2317 confligere,
776 2233 862 2316 quod
880 2232 1084 2317 pedestribus
1104 2235 1205 2316 copiis
1224 2235 1298 2317 plus

125 2344 224 2406 quam
246 2322 384 2386 navibus
403 2321 561 2386 valerent:
585 2321 649 2385 sibi
669 2326 779 2386 autem
799 2343 868 2386 esse
892 2321 988 2385 facile
1008 2320 1170 2404 Seuthem,
1188 2342 1298 2407 regem
1317 2349 1334 2397 3

125 2410 318 2493 Thraecum,
341 2410 498 2475 adducere
517 2410 663 2474 utillum
682 2414 771 2474 terra
790 2409 977 2493 depelleret:
1001 2430 1064 2492 quo
1083 2408 1170 2474 facto
1189 2432 1297 2475 neces·

125 2500 213 2564 sario
242 2503 299 2562 aut
327 2500 430 2563 classe
458 2498 683 2563 conflicturum
714 2504 770 2562 aut
799 2499 920 2562 bellum
950 2499 1215 2579 compositurum.
1260 2491 1334 2572 Idi

124 2588 189 2652 etsi
215 2609 290 2651 vere
323 2586 442 2652 dictum
472 2585 633 2651 Philocles
667 2586 960 2663 animadvertebat,
990 2589 1101 2650 tamen
1133 2587 1299 2668 postulata

124 2676 232 2741 facere
254 2676 368 2758 noluit,
392 2675 478 2759 quod
501 2676 662 2739 sentiebat
686 2697 719 2738 se
741 2673 911 2739 Alcibiade
934 2678 1063 2756 recepto
1086 2675 1208 2739 nullius
1233 2698 1299 2739 mo-

124 2766 227 2829 menti
255 2765 340 2846 apud
364 2765 538 2829 exercitum
562 2764 722 2840 futurum,
745 2769 791 2846 et,
815 2762 945 2846 siquid
975 2763 1105 2827 secundi
1129 2765 1298 2848 evenisset,

124 2853 251 2917 nullam
275 2856 310 2916 in
329 2874 367 2916 ea
385 2874 419 2916 re
439 2874 532 2916 suam
554 2856 681 2934 partem
704 2853 783 2934 fore,
807 2852 859 2916 sin
877 2851 954 2935 quid
975 2851 1100 2915 adversi
1120 2852 1299 2936 accidisset,

125 2962 160 3005 se
188 2963 288 3004 unum
317 2941 384 3004 eius
413 2941 523 3005 delicti
550 2942 695 3005 futurum
723 2963 823 3005 reum.
868 2939 899 3004 A
930 2961 994 3023 quo
1022 2940 1188 3005 discedens
1210 2940 1334 3015 Alci-5

124 3029 238 3094 biades
252 3028 430 3113 ‘quoniam'
445 3030 550 3112 inquit
565 3029 730 3094 ‘victoriae
748 3030 873 3112 patriae
892 3049 1062 3112 repugnas,
1081 3029 1157 3093 illud
1174 3052 1299 3113 moneo,

123 3140 166 3183 ne
185 3119 276 3181 iuxta
293 3118 422 3182 hostem
442 3122 548 3182 castra
566 3117 687 3181 habeas
707 3119 851 3182 nautica:
877 3118 1057 3200 periculum
1077 3122 1127 3181 est
1145 3119 1240 3201 enirn,
1258 3141 1299 3182 ne

124 3206 333 3271 immodestia
356 3207 497 3270 militum
520 3212 704 3271 vestrorum
728 3206 853 3270 occasio
883 3205 976 3270 detur
1003 3204 1171 3288 Lysandro
1200 3209 1299 3271 vestri

125 3295 329 3378 opprimendi
350 3294 530 3360 exercitus'.
565 3294 676 3379 Neque
691 3316 728 3358 ea
742 3315 793 3358 res
812 3295 905 3358 illum
924 3293 1049 3358 fefellit.
1076 3293 1162 3358 Nam
1177 3294 1298 3378 Lysan-
1319 3325 1335 3373 6

125 3384 191 3465 der,
210 3405 283 3448 cum
301 3404 361 3467 per
380 3385 597 3467 speculatores
616 3384 827 3466 comperisset
845 3384 980 3468 vulgum
995 3382 1244 3447 Atheniensium
1261 3385 1297 3447 in

123 3477 245 3536 terram
264 3471 453 3555 praedatum
469 3474 573 3536 exisse
588 3492 750 3554 navesque
764 3494 866 3555 paene
885 3472 996 3534 inanes
1011 3471 1151 3550 relictas,
1169 3475 1298 3554 tempus

123 3559 173 3623 rei
196 3561 356 3645 gerendae
378 3583 445 3625 non
464 3560 589 3624 dimisit
611 3581 740 3642 unoque
758 3562 881 3642 impetu
905 3559 1026 3622 bellum
1045 3562 1151 3623 totum
1170 3559 1297 3624 delevit.

213 3647 271 3713 IX.
299 3648 344 3712 At
363 3648 557 3731 Alcibiades,
575 3648 669 3712 victis
689 3646 943 3712 Atheniensibus
961 3666 1030 3708 non
1049 3646 1128 3709 satis
1147 3651 1221 3710 tuta
1240 3648 1298 3712 illa
1319 3676 1333 3723 1

123 3822 174 3859 aas
190 3804 287 3858 Cicero
305 3805 425 3872 belegen
443 3805 501 3858 und
516 3819 589 3856 zwar
608 3803 687 3857 nicht
739 3801 847 3855 monier
868 3802 921 3855 mit
944 3802 997 3857 deu
1020 3802 1148 3869 Persem,
1168 3803 1219 3858 das
1245 3806 1299 3860 seit

123 3873 199 3930 blois
218 3891 269 3928 aus
288 3876 386 3929 dessen
404 3873 524 3928 Briefen.
738 3877 791 3926 412
827 3873 972 3941 gelockert
1008 3890 1078 3941 war,
1111 3876 1214 3929 wieder
1249 3874 1297 3929 be·

162 3944 196 4015 l⁰)
230 3945 283 3998 Die
313 3944 483 4014 Niederlage
516 3944 595 4000 erlitt
626 3944 686 3998 sein
739 3943 844 4012 festigt.

124 4017 214 4071 erster
232 4015 419 4070 Steuermann
437 4015 601 4082 Antiochus,
620 4016 686 4070 wie·
777 4012 811 4081 ²⁰)
839 4014 877 4068 Es
895 4014 1010 4069 wurden
1033 4017 1103 4070 zehn
1126 4032 1197 4070 neue
1221 4016 1298 4070 Stra-

123 4086 201 4142 wohl
238 4102 268 4139 er
303 4087 351 4140 bei
383 4087 489 4141 seinem
522 4087 686 4157 Weggange
740 4087 824 4154 tegen
842 4084 976 4154 gew'ahlt,
995 4089 1076 4139 unter
1094 4087 1184 4141 denen
1203 4086 1298 4141 Conon

125 4158 232 4213 diesem
244 4156 439 4211 ausdrucklioh
454 4159 586 4212 verboten
597 4158 686 4221 hatte,
740 4156 789 4209 der
807 4156 1010 4211 bedentendste
1029 4175 1096 4211 war.

125 4228 186 4283 sich
209 4229 240 4281 in
265 4228 310 4281 cin
333 4227 442 4282 Treffen
467 4226 522 4282 mit
544 4227 687 4296 Lysander
778 4226 812 4292 ²¹)
831 4225 885 4281 Die
899 4227 1224 4297 Plusquamp.beziehen
1239 4227 1299 4290 sich

126 4300 309 4353 einnulassen.
346 4299 490 4367 Lysander
512 4299 591 4352 hatte
611 4297 685 4352 iibri·
740 4298 790 4352 auf
807 4299 861 4351 den
879 4296 993 4367 Antang
1011 4298 1060 4352 des
1079 4297 1229 4366 folgenden
1243 4297 1298 4353 Ka-

124 4386 194 4439 gens
232 4369 283 4423 das
319 4370 444 4424 Br‘indnis
482 4368 531 4424 der
562 4369 685 4423 Laced'a-
739 4369 832 4436 pitels.
870 4368 897 4425 S.
916 4372 997 4424 Anm.
1017 4387 1050 4422 zu
1069 4368 1115 4434 VI,
1136 4373 1159 4421 1.
