3028 4908
224 257 245 320 6
636 256 658 312 1.
686 255 888 312 MILTIADES.
915 263 940 312 7.
958 261 984 312 8.

224 419 473 571 {registrytuum
493 421 674 503 corruptus,
691 421 853 483 trecentas
871 421 996 484 statuas
1011 418 1177 484 Demetrio
1191 417 1350 485 Phalereo
1356 418 1399 509 ⁹⁴)

246 528 375 572 ecrevr.
495 524 497 533 ¹

188 612 203 660 1
310 594 383 661 VII.
403 595 484 662 Post
496 595 558 661 hoc
575 594 735 679 proelium
749 595 886 661 classem
900 595 1108 679 septuaginta
1121 595 1254 661 narium
1269 597 1399 680 [alae]

223 683 441 750 Athenienses
461 684 565 749 eidem
580 683 722 750 Miltiadi
742 684 908 768 dederunt,
931 687 968 748 ut
986 684 1122 767 insulas,
1140 706 1221 768 quae
1240 686 1400 752 barbaros

224 773 423 858 adiuvarent,
446 773 534 838 hello
556 778 811 857 persequeretur.
853 771 923 847 Quo
946 772 981 836 in
1006 772 1143 855 imperio
1162 774 1333 860 plerasque
1357 775 1400 839 ad

187 878 203 927 2
223 861 365 927 officium
383 861 489 927 redire
508 862 626 947 codgit,
644 862 818 926 nonnullas
832 862 864 925 vi
879 863 1086 946 expugnavit.
1118 860 1239 928 Parum
1257 863 1399 928 insulam

222 950 338 1034 opibus
362 950 484 1016 alatam
507 971 580 1015 cum
604 950 749 1015 oratione
771 949 982 1015 reconciliare
1004 971 1071 1014 non
1094 955 1222 1034 posset,
1245 952 1357 1035 copias
1380 973 1399 1015 e

221 1040 360 1103 navibus
392 1039 518 1123 eduxit,
546 1039 658 1103 urbem
691 1037 845 1122 operibus
879 1038 997 1102 clausit
1029 1039 1183 1122 omnique
1214 1043 1400 1105 commeatu

222 1127 372 1211 privavit,
396 1127 470 1192 dein
487 1127 592 1192 vineis
616 1148 654 1191 ac
676 1126 898 1192 testudinibus
918 1126 1106 1191 constitutis
1129 1128 1263 1212 propius
1286 1149 1399 1194 muros

187 1216 369 1282 rancessit.
405 1213 487 1281 (lum
510 1216 577 1280 iam
599 1215 634 1280 in
658 1236 696 1280 eo
720 1212 864 1302 essct25),
886 1219 924 1280 ut
947 1215 1068 1300 oppido
1092 1216 1262 1300 potiretur,
1283 1218 1400 1301 procul

222 1305 325 1386 lucus,
347 1305 404 1389 qui
427 1325 466 1368 ex
488 1304 596 1369 insula
619 1304 893 1388 conspiciebatur,
915 1304 1026 1369 nescio
1050 1325 1113 1389 quo
1137 1326 1216 1369 casu
1238 1309 1398 1371 nocturno

221 1396 367 1477 tempore
390 1394 540 1459 incensus
563 1395 622 1457 est
649 1390 749 1458 (iuius
767 1394 900 1457 flamma
923 1396 960 1457 ut
978 1391 1020 1456 ab
1044 1391 1215 1476 oppidanis
1239 1398 1273 1458 et
1296 1415 1401 1478 oppu-

222 1482 416 1565 gnatoribus
440 1486 489 1547 est
511 1483 595 1566 visa,
617 1482 764 1565 utrisque
788 1480 935 1545 venitin
958 1481 1144 1565 opinionem
1173 1483 1303 1567 signum
1326 1504 1400 1547 esse

186 1587 203 1635 4
223 1593 242 1636 a
265 1571 442 1636 classiariis
465 1570 565 1655 regiis
589 1569 710 1634 datum.
756 1568 825 1645 Quo
850 1568 974 1634 factum
997 1572 1048 1634 est
1069 1571 1106 1633 ut
1130 1573 1163 1633 et
1184 1568 1273 1635 Parii
1297 1593 1316 1635 a
1344 1570 1399 1636 de-

222 1658 345 1723 ditione
369 1658 609 1723 deterrerentur
632 1661 665 1722 et
687 1657 860 1740 Miltiades,
883 1658 1002 1721 timens
1024 1679 1066 1723 ne
1090 1658 1203 1723 classis
1226 1659 1318 1744 regia
1340 1659 1398 1724 ad-

222 1750 379 1829 ventaret,
396 1747 538 1811 incensis
554 1746 715 1830 operibus,
733 1767 815 1832 quae
835 1748 1004 1829 statuerat,
1018 1767 1091 1811 cum
1109 1747 1245 1811 totidem
1258 1748 1397 1813 navibus

222 1840 319 1918 atqua
348 1839 418 1899 erat
443 1835 608 1919 profectus
635 1834 785 1899 Athenas
817 1854 938 1919 magna
970 1856 1044 1899 curn
1071 1835 1247 1900 offensione
1277 1836 1398 1902 civium

186 1940 354 1988 osuorum
375 1923 505 1988 rediret.
551 1924 731 1988 Accusatus
755 1925 806 1988 est
828 1922 1033 2006 proditionis,
1056 1922 1157 2008 quod,
1181 1945 1253 1989 cum
1276 1922 1398 1989 Parum

223 2031 409 2096 expugnare
431 2014 552 2097 posset,
576 2035 596 2077 a
617 2032 694 2097 rege
717 2014 889 2095 corruptus
913 2010 1041 2077 infectis
1064 2012 1162 2077 rebus
1186 2013 1399 2078 discessisset.

222 2099 272 2165 Eo
295 2104 440 2184 tempore
461 2121 558 2186 aeger
577 2104 647 2166 crat
666 2100 862 2185 vulneribus,
881 2122 964 2186 quae
983 2103 1016 2164 in
1036 2101 1256 2185 oppugnando
1276 2102 1397 2186 oppido

223 2193 400 2273 acceperat.
444 2188 559 2274 Itaque
587 2190 741 2274 quoniam
768 2188 922 2273 ipsepro
947 2189 1110 2254 aedicere
1137 2210 1203 2254 non
1227 2186 1398 2276 posset²⁶),

187 2294 203 2342 6
222 2279 321 2343 verba
343 2277 421 2343 fecit
442 2277 545 2344 irater
563 2278 631 2343 aius
650 2274 885 2363 risagoraub.
916 2275 1024 2342 Oausa
1043 2276 1176 2361 cognita
1199 2278 1318 2362 capitis
1342 2279 1399 2343 ab·

222 2364 403 2453 solutus²⁸)‚
421 2367 559 2451 pecunia
577 2367 735 2431 multatus
750 2368 809 2451 est,
827 2387 929 2451 eaque
947 2366 990 2430 lis
1005 2366 1245 2451 quinquaginta
1263 2368 1398 2432 talentis
1495 2410 1496 2447 p

221 2457 394 2521 aestimata
417 2459 480 2541 est,
503 2458 642 2540 quantus
665 2455 700 2519 iu
724 2456 861 2519 classem
884 2458 1033 2537 sumptus
1061 2453 1167 2519 factus
1191 2458 1268 2520 crat.
1313 2454 1398 2520 Tan-

220 2548 290 2610 tam
320 2546 491 2629 peouniam
520 2543 605 2630 quod
634 2545 757 2609 solvere
785 2544 837 2608 die
867 2543 1063 2627 praestituta
1090 2564 1156 2608 non
1185 2547 1329 2628 poterat,
1362 2544 1398 2610 in
1494 2544 1495 2551 '

220 2633 350 2699 vincula
372 2633 503 2717 publica
526 2635 690 2698 coniectus
713 2635 762 2697 est
785 2632 897 2717 ibique
919 2631 1006 2696 diem
1027 2631 1109 2697 obiit
1133 2629 1376 2719 supremum29).

187 2736 202 2784 1
310 2718 401 2786 VIII.
425 2721 547 2787 Verum
570 2721 634 2786 etsi
657 2720 790 2787 crimine
808 2719 905 2785 Pario
925 2725 976 2785 est
995 2723 1175 2803 accusatus,
1198 2723 1309 2785 tamen
1331 2720 1398 2786 alia
1493 2720 1494 2759 l

221 2830 319 2875 causa
336 2809 400 2872 fuit
418 2808 646 2874 damnationis.
676 2807 825 2893 Namque
845 2808 1062 2874 Athenienses
1080 2812 1214 2893 propter
1232 2808 1399 2874 Pisistrati

220 2897 441 2981 tyrannidem,
465 2918 546 2982 quae
569 2897 681 2980 paucis
705 2898 798 2961 annis
822 2900 896 2960 ante
919 2893 1085 2983 fueram),
1111 2896 1247 2960 nimiam
1278 2896 1398 2962 civium
1492 2906 1493 2909 ’

186 3004 353 3052 asnorum
381 2985 563 3070 potentiam
591 2984 855 3050 extimescebant.
901 2985 951 3049 Ac
978 2983 1158 3069 Miltiades,
1190 2986 1331 3049 multum
1361 2986 1399 3050 in
1491 3046 1492 3071 ,

221 3074 367 3158 imperiis
396 3074 707 3158 magistratibusque
730 3076 893 3157 versatus,
914 3094 981 3138 non
1004 3074 1174 3138 videbatur
1199 3095 1297 3158 posse
1324 3095 1397 3139 csse

222 3164 378 3246 privatus,
401 3163 594 3247 praesertim
617 3184 689 3227 cum
713 3161 944 3227 consuetudine
967 3162 1008 3226 ad
1031 3160 1160 3245 imperii
1183 3161 1397 3245 cupiditatem

186 3270 202 3319 3
221 3251 309 3316 trahi
326 3251 496 3317 videretur.
525 3250 612 3317 Nam
632 3246 875 3336 Chersonesi³¹)
899 3271 1009 3315 omnes
1032 3249 1108 3315 illos
1127 3271 1209 3335 quos
1227 3250 1398 3315 habitarat

221 3361 324 3406 annos
346 3343 536 3425 perpetuam
560 3340 747 3407 obtinuerat
769 3339 1024 3404 dominationem
1047 3343 1268 3423 tyrannusque
1289 3339 1397 3403 fuerat

222 3429 416 3515 appellatus.
461 3427 581 3494 Omnes
615 3432 723 3493 autem
752 3431 784 3491 et
818 3427 969 3492 dicuntur
997 3431 1030 3492 et
1061 3427 1223 3492 habentur
1253 3428 1398 3511 tyranni,

221 3520 275 3603 qui
299 3520 464 3603 potestate
483 3521 560 3583 sunt
577 3519 734 3602 perpetua
752 3515 787 3580 in
805 3538 844 3581 ea
863 3516 1005 3601 civitate,
1023 3537 1106 3601 quae
1125 3514 1278 3583 libertate
1297 3520 1396 3582 antea

259 3708 294 3776 ¹⁴)
313 3707 395 3765 Aum.
414 3726 448 3763 zu
465 3709 550 3765 Phoc.
568 3709 617 3779 III,
636 3714 661 3764 8.
836 3708 904 3763 dern
936 3706 977 3762 irn
1006 3706 1135 3762 lroordin.
1168 3705 1326 3775 Gegensatz
1360 3723 1400 3761 an

225 3824 229 3831 .
260 3779 294 3847 ¹⁶)
312 3779 380 3834 Esse
403 3779 433 3834 in
456 3779 548 3836 dieser
565 3780 723 3835 Redensart
745 3780 783 3834 ist
836 3779 981 3833 multatus.

222 3849 322 3905 immor
340 3850 548 3919 unpersbnlich.
872 3849 907 3918 ¹⁹)
925 3849 964 3903 Er
982 3847 1060 3902 starb
1078 3847 1158 3901 nicht
1175 3847 1216 3903 im
1232 3845 1397 3918 Geftngnis,

249 3920 294 4003 ,¹⁶)
314 3919 397 3990 Konj.
408 3920 458 3975 der
472 3922 542 3975 orat.
553 3920 611 3976 obl.
625 3920 723 3977 Worte
732 3922 782 3976 des
836 3919 956 3976 sondern
979 3918 1075 3974 wurde
1097 3919 1233 3999 lediglich
1260 3937 1296 3973 zu
1319 3920 1399 3974 einer

222 3993 414 4132 Τι”ῗῗῖθειοι
426 4062 525 4116 zweite
538 4061 646 4116 Bruder
660 4062 708 4117 des
717 4061 783 4116 Mil·
835 3988 1332 4129 Mleiirdterifodiinbiifflibrunliaibbag
1338 3990 1398 4116 Airir

221 4133 315 4188 tiades
324 4133 395 4189 wird
409 4136 488 4188 sonat
500 4133 634 4202 nirgends
645 4134 781 4188 eruthnt.
834 4133 959 4201 plangen
977 4131 1066 4186 hatte.

221 4205 278 4262 Der
296 4204 385 4261 alters
397 4205 506 4259 Brudcr
520 4205 683 4273 Stesagoras
701 4203 782 4259 hatte
872 4202 908 4274 ὀ)
926 4201 1006 4258 Stura
1027 4202 1076 4257 der
1094 4218 1149 4257 von
1163 4199 1327 4257 Pisistratus
1347 4218 1398 4272 ge-

221 4294 272 4332 vor
295 4275 367 4333 Milt.
396 4275 442 4330 die
467 4274 633 4331 Herrschatt
656 4274 706 4330 auf
733 4274 782 4329 der
835 4275 991 4345 grdudeten
1009 4272 1146 4343 Tyrannis
1165 4278 1226 4328 510.

222 4346 385 4402 chersones.
873 4343 908 4426 ³¹)
936 4344 1031 4401 Chers.
1056 4346 1157 4416 gehtrt
1185 4344 1258 4398 auch
1284 4340 1339 4398 mit
1362 4363 1399 4399 cu

258 4417 293 4487 ¹⁸)
311 4417 405 4475 Absol
415 4418 496 4473 nicht
510 4417 708 4485 subordiniert‚
719 4432 780 4471 son·
834 4417 986 4472 habrtarat
