3028 4908
539 196 600 254 XX
627 195 823 253 TIMOLEON.
846 202 872 253 4.
892 201 916 252 ὅ.
1274 197 1316 263 75

141 359 272 444 Itaque,
299 380 372 423 cum
399 359 541 443 primum
567 359 687 442 potnit,
718 359 889 442 imperinm
919 359 1067 443 deposuit
1098 381 1135 424 ac
1166 361 1314 445 privatus

141 445 324 531 Syracusis,
356 446 442 529 quod
474 447 633 531 reliquum
665 448 754 513 vitae
785 447 862 531 tuit,
894 449 983 513 vixit.
1028 446 1141 534 Neque
1174 470 1251 514 vero
1280 448 1349 512 idn

140 535 291 620 imperite
314 535 405 599 fecit:
429 556 506 598 nam
526 535 612 620 quod
631 536 729 601 ceteri
747 535 885 619 imperio
903 537 1077 620 petierunt,
1094 537 1149 601 ille
1167 537 1313 621 privatus

139 623 368 688 benevolentia
395 623 509 688 tenuit.
554 622 671 689 Nullus
698 623 803 689 honos
833 625 863 689 ei
891 624 1006 708 defuit,
1035 645 1139 708 neque
1167 646 1218 689 res
1248 627 1315 690 ulla

143 710 313 796 Syracusis
332 713 426 797 gesta
450 716 500 776 est
517 711 656 795 publice,
680 712 719 776 de
741 734 806 796 qua
823 712 913 796 prius
931 715 1017 777 esset
1036 712 1197 777 decretum
1216 735 1313 797 quarn

142 799 357 865 Timoleontis
395 805 482 864 esset
518 801 679 864 sententia
719 800 860 886 cognita.
918 799 968 865 Ac
1003 800 1123 865 nullius
1160 814 1349 885 umquame

139 888 312 953 consilium
353 909 418 952 non
460 886 557 952 modo
598 888 779 952 antelatum
818 888 886 973 illi,
927 888 981 953 sed
1017 910 1058 953 ne
1093 893 1314 973 comparatum

140 976 269 1060 quidem
302 980 361 1041 est.
415 973 529 1059 Neque
564 975 598 1040 id
631 976 736 1041 minus
773 976 947 1060 prudentia
978 977 1101 1042 factum
1134 980 1184 1042 est
1216 999 1314 1061 quam

139 1064 374 1129 benevolentia.
628 1089 630 1093 ’

229 1151 287 1217 IV.
313 1153 431 1216 Aetate
458 1151 525 1216 iam
548 1156 720 1235 provectus
744 1173 818 1217 cum
840 1156 928 1217 esset
950 1151 1136 1236 Timoleon,
1158 1152 1227 1217 sine
1245 1152 1348 1218 ullor

139 1241 256 1305 morbo
274 1240 401 1305 lumina
424 1241 592 1304 oculorum
615 1241 734 1304 emisit.
772 1239 876 1316 Quam
901 1241 1121 1305 calamitatem
1139 1240 1187 1305 ita
1206 1242 1314 1305 mode·

138 1333 210 1393 rete
233 1329 320 1406 tulit,
343 1322 385 1392 ut
401 1349 506 1412 neque
529 1350 603 1393 eum
627 1332 812 1413 querentem
836 1328 1007 1413 quisquam
1031 1327 1182 1407 audierit,
1210 1350 1314 1413 neque

140 1438 178 1481 eo
203 1417 311 1482 minus
334 1416 389 1481 ille
412 1416 549 1500 privatis
572 1417 772 1500 publicisque
795 1418 893 1481 rebus
916 1416 1108 1481 interfuerit
1157 1414 1349 1481 Veniebate

140 1508 249 1569 eutem
283 1505 318 1568 in
344 1505 524 1589 theatrum,
554 1527 628 1569 cum
657 1505 704 1570 ibi
735 1503 904 1570 concilium
936 1504 1051 1589 populi
1084 1501 1314 1591 haberetur¹²),

138 1597 274 1677 propter
304 1592 524 1657 valetudinem
559 1598 671 1658 vectus
709 1593 864 1658 iumentis
895 1594 1031 1676 iunctis,
1064 1597 1162 1677 atque
1194 1593 1242 1657 ita
1275 1593 1314 1658 de

138 1681 291 1746 vehiculo
319 1702 402 1764 quae
429 1680 623 1746 videbantur
651 1680 788 1748 dicebat.
833 1680 947 1765 Neque
974 1681 1037 1745 hoc
1064 1681 1113 1744 illi
1143 1681 1314 1764 quisquam

138 1769 305 1834 tribuebat
328 1769 516 1855 superbiae:
538 1769 620 1833 nihil
640 1770 724 1834 enim
743 1791 898 1854 umquam
923 1791 1027 1853 neque
1046 1768 1190 1833 insolens
1208 1789 1313 1853 neque

138 1858 319 1942 gloriosum
348 1879 387 1921 ex
416 1879 470 1922 ore
499 1858 567 1922 eins
595 1857 681 1923 exiit.
728 1856 790 1933 Qui
811 1857 961 1942 quidem,
994 1879 1067 1923 cnm
1098 1878 1173 1922 suas
1201 1857 1348 1922 landesu

139 1945 268 2010 audiret
297 1945 490 2031 praedicari,
522 1968 701 2030 numquam
733 1945 822 2010 aliud
853 1945 934 2010 dixit
967 1967 1063 2030 quam
1093 1966 1128 2009 se
1155 1945 1189 2008 in
1217 1966 1255 2009 ea
1278 1967 1313 2010 re

138 2035 278 2098 maxime
307 2033 357 2099 dis
384 2033 508 2118 gratias
536 2055 646 2118 agere,
675 2034 774 2118 quod,
802 2056 876 2098 cum
901 2032 1045 2099 Siciliam
1070 2055 1213 2099 recreare
1238 2055 1313 2097 con-

138 2121 339 2205 stituissent,
370 2126 440 2186 tum
463 2143 498 2185 se
520 2122 727 2206 potissimum
751 2122 863 2187 ducem
892 2143 962 2186 esse
988 2121 1174 2188 volnissent
1218 2119 1349 2185 Nihi14

138 2211 226 2274 enim
258 2232 366 2275 rerum
398 2210 612 2274 humanarum
646 2209 715 2274 sine
742 2209 874 2274 deorum
906 2210 1038 2274 numine
1067 2210 1136 2294 geri
1166 2209 1314 2293 putabat.

136 2297 252 2382 Itaque
281 2320 357 2362 suae
385 2297 473 2362 domi
507 2298 661 2362 sacellum
688 2295 944 2385 Automatias¹³)
974 2299 1188 2363 constituerat
1217 2296 1313 2381 idque

138 2386 346 2452 sanctissime
369 2386 505 2469 colebat

227 2474 268 2540 V.
299 2474 349 2541 Ac
371 2473 517 2558 profecto
546 2474 586 2538 ad
615 2472 826 2539 excellentem
853 2474 942 2538 illius
967 2474 1120 2539 virtutem
1146 2472 1346 2537 mirabilesr

89 2566 93 2571 '
138 2566 343 2628 accesserant
370 2583 472 2627 cesus.
516 2560 602 2626 Nam
629 2562 754 2646 proelia
781 2562 923 2626 maxima
945 2561 1049 2626 natali
1079 2583 1137 2626 suo
1161 2560 1212 2625 die
1234 2560 1347 2626 fecita

140 2651 266 2804 gmiqqe:
292 2650 515 2803 qqqurcturqe
525 2652 576 2714 est
598 2653 635 2714 ut
657 2649 837 2804 ‘’iimpdiem
854 2649 981 2802 liesmd
1003 2648 1139 2801 hlaberqt
1161 2649 1313 2802 ugiversa·

163 2761 194 2803 rc
232 2761 260 2805 a
360 2761 482 2803 1m1au
517 2761 550 2802 m
572 2759 682 2823 magni
699 2761 721 2802 u
742 2760 829 2803 mem
878 2760 934 2804 aec
979 2759 1109 2802 eearan
1206 2759 1260 2802 um
1284 2758 1313 2800 er

138 2825 341 2911 Laphystins
369 2826 515 2912 quidam,
541 2826 640 2891 homo
667 2827 819 2910 petulans
848 2831 881 2891 et
907 2828 1068 2911 ingratus,
1093 2825 1312 2891 vadimonium

139 2915 239 2981 vellet
266 2916 447 3000 imponere,
478 2915 565 2998 quod
593 2935 665 2979 cnm
692 2915 751 2980 illo
780 2937 814 2980 se
841 2915 914 3001 lege
942 2936 1039 3002 agere
1067 2910 1247 2999 uiceretss),
1280 2917 1312 2978 et

137 3003 323 3088 complures
355 3005 608 3086 concurrissent,
641 3003 695 3086 qui
726 3004 958 3087 procacitatem
988 3003 1130 3068 hominis
1161 3001 1312 3067 manibus

136 3098 285 3158 coercere
307 3096 510 3175 conarentur,
531 3092 702 3157 Timoleon
725 3092 832 3157 oravit
853 3092 1019 3175 homines,
1041 3113 1082 3156 ne
1104 3090 1138 3154 id
1160 3091 1312 3155 facerent

136 3178 287 3264 Namque
309 3180 343 3245 id
365 3185 403 3245 ut
426 3177 653 3265 Laphystio¹⁶)
680 3179 809 3262 liceret,
832 3201 867 3245 se
889 3180 1049 3244 maximos
1072 3179 1202 3244 labores
1226 3200 1310 3243 sum·

137 3290 257 3354 meque
280 3269 386 3334 adisse
409 3267 562 3353 pericula.
607 3267 701 3333 Hanc
724 3268 810 3332 enim
834 3264 1021 3355 speciem¹⁶)
1043 3266 1207 3332 libertatis
1231 3287 1311 3350 esse,

137 3358 179 3441 si,
207 3357 293 3441 quod
320 3358 455 3440 quisque
482 3356 594 3440 vellet,
621 3355 749 3441 legibus
778 3356 915 3440 experiri
937 3356 1059 3422 liceret.
1103 3354 1209 3438 Idem,
1239 3371 1347 3420 cume

138 3446 272 3530 quidam
300 3443 473 3529 Laphystii
505 3445 635 3530 similis,
666 3444 796 3508 nomine
828 3443 1060 3526 Demaenetus,
1091 3442 1126 3506 in
1163 3441 1312 3508 contione

138 3535 253 3618 populi
275 3534 314 3598 de
337 3534 434 3598 rebus
453 3533 554 3616 gestis
578 3532 645 3597 eius
665 3531 834 3597 detrahere
852 3533 1013 3616 coepisset
1035 3552 1072 3595 ec
1094 3530 1253 3595 nonnulla
1276 3529 1312 3594 in

137 3643 213 3686 eum
240 3621 459 3705 inveheretur,
485 3624 564 3687 tunc
591 3620 719 3684 demum
748 3640 782 3684 se
809 3620 891 3684 dixit
913 3620 982 3685 voti
1011 3640 1081 3684 esse
1108 3618 1312 3683 damnatum:

136 3731 278 3792 namque
310 3709 372 3774 hoc
405 3733 424 3774 a
452 3708 501 3773 dis
533 3708 773 3773 immortalibus
806 3729 933 3794 semper
963 3710 1144 3792 precatum,
1176 3710 1213 3772 ut
1241 3727 1312 3770 eam

137 3799 324 3863 libertatem
352 3799 539 3862 restitueret
567 3794 791 3881 Syracusanis,
819 3819 883 3881 que
906 3796 1007 3862 cuivis
1032 3795 1158 3879 liceret,
1183 3795 1310 3879 dequo

136 3886 245 3970 vellet,
268 3885 354 3970 quod
377 3887 484 3970 vellet,
506 3886 637 3970 impune
661 3884 774 3952 dicere.
815 3882 898 3950 Cum
924 3887 1034 3950 autem
1057 3885 1142 3950 diem
1167 3885 1210 3965 [e.
1229 3883 1348 3964 337]4

174 4130 208 4202 ¹¹)
228 4131 309 4184 Anrn.
328 4149 363 4184 zu
380 4128 471 4185 Aloib.
490 4129 511 4198 Ι,
531 4135 555 4184 3.
789 4128 822 4198 1⁴)
842 4131 923 4184 Anrn.
943 4146 976 4183 zu
994 4128 1059 4183 Dat.
1073 4127 1108 4195 11,
1127 4131 1152 4182 3.

138 4201 297 4327 ιοὲἓιιιῡέῗξ
315 4198 698 4326 idhniieZGubbirhsgddiiniddh
790 4234 824 4301 ¹⁶)
844 4233 1054 4290 Sarkastischer
1071 4233 1113 4287 als
1130 4237 1176 4299 §3
1196 4231 1293 4287 cuivis.
1324 4270 1325 4273 η

140 4343 227 4398 schen
244 4342 370 4398 hendelt.
792 4340 825 4409 1⁶)
845 4340 918 4409 „Das
936 4339 1040 4394 Ideal“.
