3028 4908
212 146 254 210 10
572 145 606 201 Il.
630 143 917 200 THEMISTOCLES.
942 151 967 200 7.
982 151 1008 201 8.

176 323 191 371 1
298 306 372 373 VII.
410 306 647 395 Themistocles
671 309 789 386 eutem,
812 310 849 371 ut
871 306 1144 373 Lacedaemonem
1167 305 1274 390 venit,
1299 309 1401 373 adire

210 397 250 461 ad
278 396 490 480 magistratus
517 395 624 460 noluit
652 398 684 459 et
711 395 799 460 dedit
827 417 975 479 operam,
1001 399 1039 461 ut
1066 417 1165 480 quam
1191 396 1400 481 longissime

209 489 339 569 tempus
367 484 512 567 duceret,
540 505 671 548 causam
702 484 912 569 interponens
946 506 980 549 se
1012 484 1157 570 collegas
1189 488 1402 570 exspectare.

176 589 192 638 a
211 573 293 639 (lum
311 571 558 639 Lacedaemonii
577 575 785 656 quererentur
803 594 885 656 opus
903 573 1008 637 nihilo
1027 572 1135 638 minus
1158 573 1230 637 fieri
1249 594 1399 658 eumque

210 664 245 727 in
268 683 307 726 ea
328 682 363 725 re
391 660 502 726 conari
529 659 658 745 fallere,
686 660 817 725 interim
839 661 958 745 reliqui
985 662 1087 746 legati
1111 664 1187 726 sunt
1211 663 1397 728 consecuti.

210 750 241 814 A
264 749 380 833 quibus
404 770 476 814 eum
500 749 644 814 audisset
670 770 738 814 non
764 749 902 814 multum
927 771 1094 833 superesse
1118 749 1324 830 munitionis,
1348 751 1397 816 ad

211 838 350 923 ephoros
368 835 698 903 Lacedaemoniorum
722 834 913 924 accessitffl),
935 859 1034 921 penes
1060 860 1140 923 quos
1164 860 1292 903 summa
1317 843 1397 904 erat

210 929 371 1011 potestas,
399 929 496 1010 atque
524 926 608 1010 apud
636 947 692 991 eos
715 925 883 991 contendit
907 926 994 991 falsa
1021 924 1134 1011 illisu)
1163 948 1234 991 esse
1262 926 1395 993 delata:

212 1037 310 1100 quare
337 1036 474 1098 aequum
502 1036 573 1079 esse
601 1015 688 1080 viros
716 1014 819 1079 bonos
846 1014 1035 1098 nobilesque
1067 1016 1209 1099 mittere,
1232 1016 1289 1100 qui
1318 1037 1396 1082 rem

106 1156 110 1161 ,
175 1122 191 1170 e
212 1105 434 1188 explorarent:
455 1104 579 1169 interea
598 1125 633 1168 se
652 1102 800 1168 obsidem
822 1102 1008 1167 retinerent
1040 1101 1160 1168 Gestus
1180 1107 1229 1168 est
1252 1104 1284 1169 ei
1307 1127 1395 1188 moe,

211 1198 341 1277 tresque
364 1192 465 1277 legati
487 1191 592 1257 functi
615 1192 749 1257 summis
767 1188 992 1278 honoribus¹²)
1015 1192 1163 1257 Athenas
1187 1192 1394 1260 missisunt.

150 1304 153 1313 ’
212 1279 295 1346 Cum
324 1281 374 1345 his
404 1280 544 1365 collegas
569 1276 691 1366 suosffl)
714 1280 950 1346 Themistocles
972 1280 1070 1345 iussit
1096 1281 1258 1365 proficisci
1281 1281 1392 1365 iisque

210 1370 385 1455 praedixit,
412 1372 450 1433 ut
476 1391 517 1433 ne
544 1369 635 1453 prius
662 1368 992 1434 Lacedaemoniorum
1021 1370 1146 1453 legatos
1175 1369 1391 1454 dimitterent,

175 1475 307 1543 equam
331 1459 400 1542 ipse
423 1461 509 1523 esset
531 1457 692 1522 remissus.
738 1457 917 1540 Postquam
941 1456 1091 1523 Athenas
1114 1479 1169 1522 eos
1199 1459 1392 1540 pervenisse

211 1552 302 1614 ratus
326 1549 389 1629 est,
413 1547 454 1611 ad
477 1546 691 1629 magistratus
715 1549 927 1629 senatumque
949 1544 1279 1611 Lacedaemoniorum
1307 1546 1393 1611 adiit

211 1641 243 1701 et
267 1636 353 1719 apud
378 1655 432 1698 eos
455 1634 620 1698 liberrime
644 1632 809 1717 professus
833 1636 896 1698 est:
920 1654 978 1699 suo
1002 1634 1140 1699 consilio
1160 1633 1392 1719 Athenienses,

211 1723 298 1807 quod
321 1723 485 1787 communi
503 1721 573 1785 iure
597 1722 744 1804 gentium
766 1721 874 1787 facere
897 1722 1020 1807 liceret,
1042 1722 1118 1787 deos
1138 1744 1214 1788 suos
1237 1723 1391 1805 publicos

212 1815 309 1895 atque
328 1805 511 1897 patrios14),
530 1831 593 1894 quo
613 1809 739 1874 facilius
758 1810 799 1874 ab
818 1810 913 1876 hoste
932 1814 1067 1894 possent
1086 1810 1265 1896 defendere,
1284 1812 1391 1876 muris

212 1899 371 1983 saepsisse
388 1919 493 1982 neque
511 1898 546 1962 in
565 1919 603 1963 eo
622 1897 708 1981 quod
730 1897 846 1963 inutile
866 1902 952 1964 esset
971 1897 1127 1964 Graeciae
1145 1899 1269 1965 fecisse.
1301 1897 1391 1964 Nam

176 2003 192 2051 5
211 1987 343 2052 illorum
358 1987 472 2051 urbem
487 1989 524 2050 ut
537 1987 817 2071 propugnaculum
836 1987 985 2053 barbaris
1004 2008 1073 2053 esse
1088 1988 1282 2073 oppositam,
1301 1988 1392 2071 apud

212 2097 310 2159 quam
332 2076 398 2139 iam
421 2074 472 2138 bis
496 2076 616 2139 classes
639 2075 746 2160 regias
774 2074 891 2140 fecisse
913 2075 1123 2159 naufragium
1131 2073 1181 2163 15).
1227 2074 1392 2141 Lacedae-

177 2181 193 2229 6
212 2164 340 2229 monios
359 2165 469 2227 autem
487 2162 573 2228 male
592 2165 626 2226 et
642 2163 762 2228 iniuste
779 2163 895 2248 facere,
915 2165 1021 2248 quiid
1042 2165 1153 2247 potius
1172 2164 1392 2248 intuerentur,

212 2252 298 2335 quod
321 2252 466 2337 ipsorum
490 2250 706 2316 dominationi
724 2272 821 2335 quam
840 2251 926 2334 quod
943 2252 1115 2317 universae
1131 2251 1287 2317 Graeciae
1305 2253 1392 2318 utile

212 2344 308 2406 esset.
355 2339 473 2422 Quare,
498 2340 527 2404 si
550 2360 626 2404 suos
650 2340 774 2420 legatos
797 2340 941 2423 recipere
964 2341 1092 2424 vellent,
1116 2361 1151 2405 ee
1173 2341 1392 2426 remitterent,

212 2451 286 2494 cum
309 2430 406 2494 aliter
427 2429 504 2493 illos
527 2450 705 2513 numquam
728 2427 764 2491 in
786 2428 930 2511 patriam
952 2432 1063 2493 essent
1084 2429 1253 2512 recepturi.

179 2534 193 2581 1
301 2516 391 2582 VIII.
421 2517 545 2583 Tamen
567 2539 635 2593 non
659 2516 773 2600 effugit
791 2516 909 2581 civium
933 2538 1065 2581 suorum
1087 2516 1253 2582 invidiam.
1285 2515 1393 2582 Nam-

212 2628 274 2690 que
298 2607 339 2672 ob
364 2606 501 2670 eundem
523 2605 691 2688 timorem,
714 2626 778 2689 quo
803 2603 976 2670 damnatus
1000 2609 1070 2671 erat
1091 2604 1265 2689 Miltiades,
1287 2609 1392 2670 testu·

212 2695 316 2759 larum
344 2693 507 2778 suffragiis
536 2714 553 2756 e
582 2693 716 2758 civitate
744 2693 864 2758 eiectus
892 2692 1001 2778 Argos
1029 2694 1214 2759 habitatum
1249 2697 1292 2775 [a.
1305 2694 1389 2776 476]

176 2782 380 2849 aconcessit.
415 2780 469 2845 Ibi
487 2802 560 2846 eum
580 2785 715 2865 propter
738 2781 859 2845 multas
878 2785 911 2845 et
936 2781 1085 2866 egregias
1106 2783 1244 2847 virtutes
1267 2803 1393 2865 magna

212 2893 285 2936 cum
309 2869 469 2953 dignitate
491 2868 629 2952 viveret,
652 2867 899 2933 Lacedaemonii
921 2869 1047 2954 legatos
1071 2870 1219 2936 Athenas
1244 2874 1287 2952 [a.
1306 2871 1390 2952 473]

212 2960 379 3042 miserunt,
404 2958 459 3041 qui
482 2979 556 3022 eum
579 2957 748 3022 absentem
772 2962 970 3038 accusarent,
994 2958 1079 3043 quod
1103 2961 1294 3025 societatem
1313 2982 1389 3025 cum

212 3068 288 3132 rege
310 3046 408 3111 Perse
432 3046 473 3111 ad
495 3044 666 3111 Graeciam
695 3046 940 3130 opprimendam
967 3046 1107 3113 fecisset.
1153 3048 1225 3113 Hoc
1252 3048 1390 3113 erimine

176 3155 193 3203 3
212 3137 329 3201 absens
353 3136 526 3200 damnatus
550 3138 608 3200 est.
644 3133 683 3198 Id
706 3138 743 3200 ut
762 3134 894 3219 audivit,
919 3135 1005 3219 quod
1023 3157 1089 3201 non
1113 3136 1194 3201 satis
1218 3139 1327 3201 tutum
1352 3159 1388 3202 se

250 3310 284 3450 123
302 3307 528 3435 ersis
545 3310 677 3448 n..
826 3326 883 3435 s
896 3309 1309 3436 circissarius

212 3454 280 3508 dem
299 3451 350 3508 auf
366 3451 581 3534 Lacedaemonii
598 3420 755 3533 beztg’lich.
827 3449 965 3520 gewissen
989 3423 1219 3533 Gesehlechtern:
1243 3450 1309 3505 teile
1332 3468 1390 3506 von

251 3523 284 3593 ¹¹)
317 3523 370 3578 Elin
402 3523 558 3579 rbmreeher
589 3521 698 3590 Begrrff
726 3520 776 3575 aul
828 3522 903 3576 allen
911 3521 1063 3578 Athenern.
1083 3522 1167 3577 Drese
1181 3521 1248 3577 decl
1261 3523 1390 3593 πατρῷοι

212 3591 770 3667 griechiqcheVerhbltnissedhertragen.
826 3591 936 3648 heilsen
971 3592 1121 3651 lateinisch
1153 3594 1225 3648 auch
1261 3598 1389 3662 penates.

212 3666 304 3720 Einen
316 3664 480 3720 Amteradel
497 3665 555 3734 gab
574 3681 604 3720 es
621 3663 652 3718 in
671 3662 773 3734 Sparta
827 3664 884 3718 Der
896 3663 999 3718 Kultus
1013 3665 1063 3719 der
1081 3663 1122 3717 dii
1135 3663 1242 3733 publici
1259 3679 1319 3717 war
1331 3678 1389 3719 von

213 3736 301 3791 nicht.
828 3733 924 3788 Staats
943 3750 1042 3803 wegen
1062 3733 1207 3805 geordnet.
1244 3733 1309 3803 Vgl.
1329 3734 1387 3789 (lic.

251 3806 284 3876 18)
308 3804 389 3860 Nach
408 3805 533 3874 Thucyd.
552 3804 665 3859 blieben
690 3804 773 3860 beide
827 3803 900 3859 Phil.
919 3805 954 3859 Il.
973 3811 989 3871 ς
1009 3811 1050 3861 75.

212 3876 404 3947 Mitgesandte
415 3875 464 3930 des
475 3875 612 3931 Themist.
622 3876 652 3930 in
660 3876 771 3946 Sparta.
867 3875 899 3943 ¹⁵)
909 3874 979 3928 Eine
988 3874 1162 3931 rhetorische
1170 3865 1385 3943 llbertreibung.

212 3947 274 4003 Den
310 3947 459 4017 geheimen
484 3946 605 4015 Auftrag
642 3946 706 4001 liele
744 3963 774 4002 er
827 3944 884 4000 Der
909 3946 1057 4000 Ausdmck
1084 3946 1160 4015 palst
1186 3963 1239 4001 nur
1266 3946 1317 4001 auf
1341 3946 1387 3998 die

213 4019 301 4074 durch
320 4018 401 4074 einen
418 4018 508 4073 Boten
526 4018 599 4072 nach
612 4019 706 4072 Athen
724 4033 773 4086 ge·
829 4015 965 4100 Sehlaeht
986 4015 1034 4071 bei
1057 4017 1191 4099 Salamis,
1214 4019 1282 4072 aber
1309 4016 1388 4071 nicht

212 4090 402 4232 lediiimi'atrii
434 4159 496 4214 sind
528 4159 590 4214 hier
620 4158 701 4213 nieht
728 4157 774 4214 die
827 4086 1386 4228 pppgpendppzlpeglpitepe1efflpsrcaltppffipp

214 4231 465 4313 vaterlltndischen‚
481 4231 602 4286 sondern
614 4231 655 4284 im
665 4228 774 4313 Gegen·
827 4245 883 4284 von
907 4230 957 4285 der
979 4177 1178 4313 phaleriecLen
1199 4229 1293 4285 Bueht
1314 4229 1387 4283 nach

214 4305 289 4359 satae
313 4321 347 4358 zu
369 4302 476 4372 pubhci
499 4302 545 4356 die
569 4300 707 4374 πατρῷοι,
727 4300 774 4356 dre
828 4301 879 4353 der
896 4302 1143 4357 marathomschen
1161 4300 1304 4356 Schlacht.
