3028 4908
233 226 276 289 32
694 227 727 282 X.
756 225 854 281 DION.
879 232 902 280 1.
918 233 943 281 2.

232 389 380 470 celatum,
399 386 626 472 Tiribazusss),
650 387 705 473 qui
725 385 879 452 Sardibus
898 392 1055 472 praeerat,
1079 387 1248 454 Cononem
1274 391 1315 469 [a.
1327 390 1409 470 392]

232 477 391 561 evocavit,
415 478 572 541 simulans
596 477 636 541 ad
664 497 774 560 regern
798 498 871 540 eum
895 499 929 540 se
957 477 1087 541 mittere
1114 478 1197 541 velle
1224 499 1345 561 magna
1369 479 1408 542 de

230 588 274 631 re.
311 563 372 631 Cui
394 565 510 630 nuntio
530 563 644 631 Conon
666 586 785 647 parens
808 587 882 630 cum
901 565 1043 629 venisset
1053 562 1102 650 12),
1124 566 1158 629 in
1181 567 1311 630 vincula
1334 588 1410 631 con·

196 654 333 719 liectus
357 660 420 738 est,
443 656 478 719 in
507 655 624 737 quibus
654 654 852 737 aliquamdiu
875 653 946 717 fuit.
992 652 1071 718 Inde
1095 652 1245 718 nonnulli
1269 677 1343 718 eum
1368 655 1409 719 ad

231 764 342 827 regem
362 743 536 807 abductum
555 742 666 826 ibique
684 742 806 826 perisse
820 742 978 825 scripturn
997 742 1207 825 reliquerunt.
1239 744 1284 806 At
1299 743 1409 808 Dinon

231 832 415 914 historicus,
438 832 491 896 oui
513 853 572 895 nos
596 832 770 914 plurimum
795 831 834 894 de
855 830 994 895 Persicis
1018 832 1115 895 rebus
1138 831 1308 914 credimus,
1331 832 1409 896 effu·

232 920 319 1003 gisse
344 942 416 983 eum
440 920 583 1002 scripsit:
607 919 687 983 illud
711 918 890 1000 addubitat,
913 925 1022 983 utrum
1045 919 1195 984 Tiribazo
1219 921 1340 985 sciente
1365 943 1409 984 an

232 1007 434 1090 imprudente
458 1009 501 1072 sit
524 1005 699 1093 factum¹³).

708 1348 756 1449 rr.
794 1347 921 1419 mou.

198 1504 211 1551 1
320 1483 344 1550 Ι.
367 1485 463 1571 Dion,
481 1485 655 1569 Hipparini
675 1486 770 1569 filius,
789 1484 1022 1568 Syracusanus,
1040 1484 1143 1548 nobili
1163 1506 1279 1569 genere
1299 1490 1407 1569 natus,

232 1578 368 1658 utraque
391 1574 455 1637 fuit
478 1574 661 1657 implicatus
669 1573 695 1659 1)
719 1574 894 1657 tyrannide
914 1573 1153 1656 Dionysiorum.
1185 1573 1334 1657 Namque
1353 1575 1408 1640 ille

117 1702 119 1707 ·
233 1659 411 1747 superi0r2)
432 1663 690 1746 Aristomachen,
705 1684 849 1726 sororem
865 1661 989 1739 Dionia,
1009 1661 1125 1725 habuit
1138 1662 1172 1725 in
1187 1665 1407 1749 matrimoni0,

233 1773 271 1814 ex
290 1772 354 1833 qua
372 1750 452 1815 duos
471 1750 565 1834 filios,
584 1750 801 1834 Hipparinum
821 1754 854 1814 et
869 1749 1035 1827 Nisaeum,
1053 1751 1236 1832 procreavit
1255 1751 1408 1817 totidem-

233 1861 294 1922 que
321 1838 419 1921 filias,
442 1839 573 1902 nomine
602 1836 833 1923 Sophrosynen
866 1845 899 1902 et
927 1838 1064 1919 Areten,
1096 1860 1232 1922 quarum
1265 1841 1407 1922 priorem

233 1926 391 2009 Dionysio
422 1927 502 2010 filio,
532 1926 650 2010 eidem,
680 1928 732 1990 oui
763 1948 899 2011 regnum
927 1927 1073 2011 reliquit,
1102 1930 1240 2010 nuptum
1272 1928 1407 2015 deditll,

197 2034 213 2082 2
233 2015 378 2092 alteram,
394 2014 525 2099 Areten,
546 2014 651 2079 Dioni.
681 2015 767 2079 Dion
786 2021 895 2079 autem
913 2020 1044 2099 praeter
1063 2035 1255 2098 generosam
1273 2020 1405 2102 propin-

232 2103 390 2187 quitatem
418 2104 625 2188 nobilemque
648 2104 807 2168 maiorum
836 2104 955 2168 famam
979 2105 1099 2168 multas
1128 2104 1209 2167 alias
1233 2127 1253 2168 a
1277 2127 1310 2169 ee
1334 2108 1403 2190 ipse

231 2191 347 2256 habuit
366 2192 671 2272 commendationes,
692 2194 726 2257 in
745 2193 796 2256 his
815 2194 982 2276 ingenium
1001 2191 1114 2274 docile,
1134 2190 1265 2278 come4),
1290 2201 1403 2278 aptum

232 2281 272 2344 ad
301 2285 388 2344 artes
415 2281 569 2364 optimas,
598 2303 751 2366 magnam
779 2282 925 2366 corporis
954 2277 1192 2368 dignitatem⁵)‚
1225 2303 1307 2364 quac
1339 2305 1406 2348 non

232 2369 401 2433 minimum
415 2370 628 2451 commendat,
646 2390 783 2452 magnas
797 2376 965 2454 praeterea
979 2370 1110 2433 divitias
1126 2391 1145 2433 a
1158 2374 1250 2451 patre
1265 2370 1404 2458 relictas,

198 2478 214 2526 3
234 2481 314 2542 quas
333 2459 404 2542 ipse
422 2460 553 2542 tyranni
572 2459 760 2523 muneribus
780 2455 954 2544 auxerat⁶).
987 2457 1070 2521 Erat
1087 2457 1222 2521 intimus
1245 2457 1405 2543 Dionysio

232 2547 341 2630 priori,
364 2544 500 2632 nequel)
525 2547 632 2611 minus
656 2552 791 2631 propter
814 2568 920 2611 mores
944 2568 1041 2630 quam
1064 2546 1266 2611 affinitatem.
1303 2546 1404 2613 Nam·

233 2658 294 2718 que
318 2637 378 2699 etsi
400 2636 547 2719 Dionysii
570 2636 744 2700 crudelitas
768 2637 798 2700 ei
822 2636 1022 2719 displicebat,
1046 2641 1157 2698 tamen
1181 2635 1307 2700 salvum
1332 2659 1406 2701 eum

232 2745 301 2787 esse
324 2730 456 2807 propter
479 2724 761 2808 necessitudinem,
784 2725 889 2809 magis
909 2724 1006 2788 etiam
1026 2744 1158 2787 suorum
1177 2745 1275 2788 eausa
1297 2726 1405 2791 stude-

231 2812 297 2875 bat.
338 2812 460 2875 Aderat
482 2813 517 2875 in
540 2813 667 2896 magnis
690 2814 798 2894 rebus,
821 2815 951 2896 eiusque
976 2812 1111 2876 consilio
1136 2812 1275 2876 multum
1300 2836 1407 2879 move·

231 2899 328 2962 batur
355 2905 527 2983 tyrannus,
549 2900 613 2963 nisi
642 2923 706 2983 qua
733 2901 767 2963 in
793 2923 827 2965 re
858 2901 962 2964 maior
990 2900 1091 2984 ipsius
1120 2899 1277 2983 cupiditas
1305 2903 1407 2967 inter·

195 2997 379 3055 leesserat.
412 2987 609 3070 Legationes
633 3010 709 3053 vcro
734 3011 855 3071 omnes,
881 3011 962 3073 quae
988 2994 1097 3053 essent
1120 2988 1324 3069 illustriores,
1348 3014 1407 3075 per

232 3075 371 3140 Dionem
385 3076 709 3141 administrabantur:
724 3100 804 3162 quas
819 3078 948 3162 quidem
963 3076 1019 3141 ille
1035 3075 1241 3162 diligenter⁸)
1256 3079 1406 3145 obeundo

197 3184 213 3231 o
234 3164 491 3229 crudelissimum
513 3188 632 3230 nomen
659 3167 793 3249 tyranni
817 3189 875 3231 sua
897 3165 1102 3230 humanitate
1130 3165 1281 3230 leniebat.
1328 3165 1406 3233 Oar-

273 3392 304 3461 11)
323 3392 495 3461 Nachfolger
515 3392 564 3446 des
583 3391 766 3447 Tithraustes.
883 3392 904 3461 ⁶)
920 3393 1005 3447 Sonst
1013 3392 1052 3446 ist
1061 3391 1186 3459 dignitas
1197 3393 1242 3447 die
1252 3392 1405 3462 politische

271 3463 304 3530 a)
316 3464 412 3518 Conon
421 3464 487 3517 kam
494 3462 792 3518 vielmehrvonAthsn
845 3464 902 3517 und
917 3462 1019 3517 sociale
1034 3463 1170 3530 Stellung,
1186 3480 1322 3534 wogegen
1341 3483 1405 3534 gra-

233 3535 275 3589 als
290 3533 446 3590 Gesandter
460 3534 656 3602 zuTiribazus,
670 3535 791 3588 umdem
845 3533 920 3589 vitas
957 3533 1096 3588 sittlieher
1131 3532 1215 3587 Ernst
1250 3535 1308 3588 und
1345 3539 1405 3590 ent-

232 3606 369 3659 Einfiusse
399 3607 448 3660 des
473 3605 656 3674 geschichten
681 3605 790 3660 laceda-
845 3605 1016 3674 spreohends
1035 3603 1143 3659 aussere
1159 3605 1271 3660 Wr'irde.
1299 3604 1406 3675 Magna
1490 3628 1491 3631 ¹

231 3676 791 3758 monischenUnterhandlereAntaleidae
845 3692 920 3746 corp.
949 3675 1026 3745 dign.
1053 3676 1128 3757 lrann
1155 3675 1235 3748 indes
1267 3692 1321 3730 nur
1359 3676 1406 3758 ein

232 3748 791 3883 rbetsstltlzlltmmam
845 3746 1177 3886 tzlltdtfilsstz
1192 3735 1405 3886 Ababa&

232 3887 278 3941 bei
291 3886 436 3956 Euagorae
451 3887 502 3940 auf
513 3887 622 3956 Cypern
641 3889 699 3941 und
713 3888 790 3942 starb
845 3889 905 3941 keit
918 3888 975 3940 und
991 3887 1095 3941 Praeht
1107 3886 1154 3941 ist.
1173 3875 1312 3956 llbrigens
1326 3888 1406 3958 palat

232 3957 359 4012 daselbst
377 3957 444 4012 bald
463 3974 499 4011 an
514 3958 590 4011 einer
604 3958 770 4013 Krankheit.
846 3959 936 4012 dieser
944 3957 1039 4011 Punlrt
1048 3959 1101 4011 wie
1116 3959 1165 4011 der
1177 3958 1309 4028 folgende
1324 3959 1406 4015 nicht

271 4030 290 4094 1)
308 4027 390 4084 Anm.
410 4047 445 4081 au
463 4028 546 4083 Pane.
564 4027 612 4096 lV,
630 4036 655 4083 6.
842 4027 923 4081 mehr
940 4028 992 4081 auf
1007 4029 1062 4080 den
1080 4028 1205 4083 Knaben.

270 4099 292 4167 ²)
310 4099 460 4167 Dionysius
478 4098 499 4166 I,
518 4104 669 4154 loe-36⁷.
881 4098 902 4166 ⁶)
922 4096 1001 4152 Ohne
1012 4100 1068 4152 den
1076 4099 1214 4154 relativen
1221 4100 1321 4154 Zusata
1328 4105 1405 4155 ware

269 4170 291 4237 ⁸)
311 4176 391 4225 Anm.
412 4187 446 4222 zu
464 4169 554 4223 Praef.
573 4176 597 4223 4.
844 4168 1074 4238 dieErwbhnung
1082 4172 1131 4224 der
1140 4169 1407 4228 divitiaeandieser

267 4241 290 4309 4)
309 4241 378 4293 Hier
391 4241 442 4294 anf
452 4241 502 4294 das
518 4238 790 4296 Sehlilerverhtltnis
844 4239 931 4295 Stelle
950 4240 1106 4308 unlogisch.

231 4331 265 4365 zu
296 4310 440 4379 berichen,
474 4312 533 4366 also
561 4311 682 4379 „willig,
710 4310 789 4366 lenlr-
881 4312 901 4376 7)
920 4314 1001 4365 Anm.
1021 4330 1055 4364 au
1073 4311 1155 4379 Ages.
1171 4311 1219 4381 VI,
1237 4318 1262 4369 3.

231 4386 316 4436 ssm“.
880 4383 902 4451 ⁸)
920 4381 992 4451 „lllit
1009 4380 1120 4436 Ernst“
