3028 4908
203 210 245 275 38
609 208 656 263 x1.
684 206 906 264 uniuersas.
929 215 954 264 a.

203 371 310 457 gravis
334 374 517 436 armaturae
540 372 754 437 mercennarii
776 370 843 435 fere
866 374 1048 454 uterentur,
1071 372 1142 454 ipse
1164 371 1287 456 peltam
1310 393 1375 455 pro

202 464 304 546 clipeo
332 457 459 546 feeitl),
489 460 575 525 unde
601 466 718 545 postea
744 461 902 545 peltastae
931 456 1230 545 appellabanturt),
1257 460 1377 525 hastae

166 551 332 616 amodum
356 549 542 632 duplicavit,
564 549 691 634 gladios
714 548 878 633 longiores
901 548 1014 614 effecit.
1055 548 1147 613 Idem
1171 568 1273 634 genus
1296 550 1376 614 lori-

202 661 309 705 carum
339 638 481 703 mutavit
509 640 542 702 et
571 660 629 723 pro
660 638 818 704 consertis
853 642 950 721 atque
983 636 1090 702 alineis
1124 637 1242 702 linteas
1274 638 1375 702 dedit.

203 727 272 804 Quo
290 728 379 792 facto
399 727 440 791 ad
459 730 566 791 motus
586 747 824 810 concursusque
843 726 1059 810 expeditiores
1078 727 1200 791 milites
1219 726 1376 791 reddidit:
1400 735 1404 741 ’

202 839 280 881 nam
302 815 444 900 pondere
468 814 622 894 detracto,
646 815 731 900 quod
755 836 871 898 corpus
895 836 996 899 aeque
1019 818 1153 900 tegeret,
1177 814 1312 880 curarit.

168 921 182 970 1
290 904 330 970 Π.
363 903 504 969 Multum
526 925 602 969 vero
626 904 660 969 in
682 903 771 968 bello
795 908 846 968 est
867 907 1023 969 versatus.
1055 902 1153 988 Apud
1178 900 1376 969 Corinthum

202 997 294 1058 tanta
326 994 500 1058 severitate
532 993 687 1059 exercitui
718 988 912 1077 praefuitl),
943 995 980 1056 ut
1010 993 1119 1057 nullae
1150 1013 1307 1076 umquam
1338 992 1378 1056 in

204 1081 339 1147 Graecia
356 1102 460 1166 neque
474 1082 715 1148 exercitatiores
730 1080 843 1165 copiae
861 1103 965 1165 neque
980 1082 1085 1167 magis
1100 1081 1184 1146 dieto
1205 1080 1376 1146 audientes

168 1171 323 1236 afuerint
346 1171 431 1236 duci:
454 1171 489 1235 in
512 1192 646 1254 eamque
669 1169 935 1235 consuetudinem
958 1191 1034 1235 suos
1058 1169 1202 1252 adduxit,
1224 1174 1275 1253 ut,
1298 1191 1374 1234 cum

203 1260 318 1346 proelii
341 1260 470 1345 signum
494 1266 581 1326 esset
601 1260 721 1341 datum,
745 1259 813 1323 sine
837 1258 926 1323 ducis
945 1278 1044 1342 opera
1066 1260 1113 1324 sic
1135 1258 1276 1324 ordinati
1300 1279 1377 1323 con-

203 1351 362 1433 sisterent,
385 1354 423 1414 ut
440 1347 562 1433 singuli
580 1371 600 1413 a
622 1347 820 1432 peritissimo
836 1348 1040 1430 imperatore
1059 1346 1211 1431 dispositi
1229 1347 1377 1412 videren-

166 1455 183 1503 3
201 1443 262 1504 tur.
293 1437 366 1503 Hoc
385 1437 528 1502 exercitu
545 1459 671 1502 moram
689 1434 1019 1502 Lacedaemoniorum
1039 1435 1211 1520 interfecit,
1234 1437 1277 1516 [a.
1291 1435 1375 1515 390]

203 1527 289 1611 quod
307 1527 446 1592 maxime
463 1528 535 1591 tota
553 1526 750 1591 celebratum
769 1528 820 1589 est
837 1522 983 1589 Graecia.
1009 1522 1109 1590 Facta
1127 1524 1241 1589 deinde
1259 1521 1375 1610 pacel)

201 1616 323 1681 bellum
343 1636 416 1679 eum
436 1614 633 1679 Thraecibus
652 1615 767 1699 gessit:
794 1611 955 1696 Seuthem,
974 1615 1097 1678 socium
1112 1612 1375 1697 Atheniensium,

166 1705 236 1768 ain
272 1725 409 1790 regnum
444 1703 596 1767 restituit.
642 1700 723 1767 Cum
760 1723 836 1767 vero
870 1703 1065 1767 Artaxerxes
1101 1702 1264 1787 Aegyptio
1301 1703 1375 1785 regi

201 1793 322 1857 bellum
345 1791 465 1855 inferre
489 1788 631 1875 velletl),
656 1790 855 1875 Iphicratem
879 1791 920 1854 ab
944 1790 1200 1856 Atheniensibus
1233 1792 1275 1873 [a
1289 1790 1372 1872 377]

202 1882 315 1946 ducem
346 1880 475 1964 petivit,
502 1901 598 1963 quem
629 1879 820 1964 praeficeret
851 1880 1004 1944 exercitui
1032 1879 1249 1957 conducticio,
1280 1878 1373 1943 euius

201 1990 353 2033 numerus
377 1968 495 2055 viginti
526 1968 652 2032 milium
680 1967 749 2033 fnit.
796 1966 898 2043 Quem
925 1968 1055 2052 quidem
1083 1969 1129 2034 sic
1159 1969 1248 2032 omni
1264 1966 1375 2032 -disoi-

203 2057 293 2142 plina
316 2058 453 2122 militari
475 2056 624 2141 erudivit,
646 2059 692 2141 ut,
714 2078 811 2141 quem
834 2057 875 2121 ad
898 2057 1029 2121 modum
1052 2057 1214 2142 quondam
1231 2055 1376 2121 Mariani

202 2145 322 2211 milites
358 2146 444 2231 apud
476 2146 654 2231 Romanos,
691 2145 737 2210 sio
773 2145 1010 2231 Iphicratenses
1047 2144 1132 2230 apud
1162 2144 1301 2211 Graecos
1337 2144 1377 2208 in

167 2250 328 2301 asumma
355 2235 450 2301 laude
477 2234 606 2300 fuerint.
651 2234 743 2300 Idem
771 2235 915 2300 subsidio
938 2233 1199 2300 Lacedaemoniis
1231 2236 1274 2315 [a.
1292 2234 1374 2315 369]

202 2324 367 2409 profectus
399 2324 644 2410 Epaminondae
676 2324 854 2389 retardavit
883 2323 1033 2406 impetus.
1078 2322 1165 2389 Nam
1202 2323 1266 2388 nisi
1302 2322 1374 2387 eius

203 2414 358 2480 adventus
387 2414 694 2499 appropinquasset,
724 2434 791 2477 non
819 2412 910 2496 prius
934 2411 1079 2477 Thebani
1103 2411 1218 2497 Sparta
1247 2412 1375 2477 absces-

203 2504 331 2589 sissent,
354 2525 451 2588 quam
474 2505 604 2587 captam
626 2501 775 2566 incendio
796 2498 999 2586 delessent⁸).

202 2675 762 2816 sternutamenta
814 2674 1098 2814 alerenen
1111 2674 1376 2816 capezan

200 2818 276 2886 VIII,
294 2823 320 2885 8,
339 2825 364 2873 3.
812 2818 899 2886 tragt,
918 2818 1064 2886 verlangto
1081 2833 1137 2872 von
1156 2817 1210 2871 den
1227 2814 1376 2871 Athonem

239 2889 262 2958 ⁴)
287 2886 340 2943 Die
358 2887 613 2958 Truppengattnng
631 2889 680 2943 der
698 2889 760 2943 Pel·
814 2893 865 2943 378
890 2886 935 2942 die
959 2887 1208 2957 Zuruelrberufung
1232 2887 1281 2942 des
1301 2885 1375 2944 (lha-

201 2959 760 3026 tasten,awischenSohwer·undLeicht
813 2957 900 3027 brias,
919 2959 969 3013 der
987 2959 1052 3013 dort
1070 2957 1125 3013 den
1144 2958 1282 3029 Emperor
1298 2957 1376 3014 Nec·

202 3029 386 3086 bewaffneten
404 3028 451 3085 die
469 3030 552 3086 Mitte
570 3029 695 3098 haltend,
713 3049 759 3084 ur-
812 3029 924 3084 tanabis
945 3029 966 3086 I.
996 3030 1196 3100 unterstiitata,
1230 3030 1288 3084 und
1320 3036 1375 3086 atu

202 3101 363 3172 uprdnglicb
377 3100 526 3169 thraciam,
540 3101 659 3157 bostand
673 3102 761 3156 sehon
814 3100 869 3156 dan
887 3099 988 3171 Iphicr.
1003 3099 1046 3155 als
1059 3099 1166 3156 Fflhrer
1184 3102 1234 3156 der
1251 3098 1377 3170 griechi-

202 3171 368 3242 rorIphicr.
392 3172 490 3227 Dieser
503 3172 571 3227 aber
584 3174 760 3227 verwendote
814 3173 899 3227 schen
927 3170 1057 3239 Soldner,
1087 3170 1133 3226 die
1161 3188 1192 3227 er
1222 3171 1377 3241 geworben

204 3244 244 3298 sie
260 3248 356 3299 suerat
378 3242 601 3299 aussohliesslich
620 3245 692 3298 statt
710 3243 760 3298 der
813 3244 902 3299 hatte.
930 3242 1031 3312 Iphicr.
1052 3240 1180 3312 hempfte
1198 3241 1228 3297 in
1241 3229 1378 3312 Agypten

202 3313 338 3385 Hopliten
351 3314 408 3369 und
425 3314 482 3385 gab
495 3313 541 3368 ihr
554 3313 760 3369 Beriihmtheit.
814 3319 963 3382 tlt—374,
979 3313 1070 3368 zerfial
1085 3313 1152 3369 aber
1166 3316 1220 3368 mit
1233 3315 1374 3369 Pharnab.

240 3386 261 3457 ⁶)
294 3391 446 3441 aaa-390
469 3384 563 3441 fiihrte
585 3402 615 3440 er
637 3387 674 3440 da
698 3384 761 3441 eine
813 3386 871 3439 und
889 3384 990 3440 hebrte
1008 3385 1081 3439 nach
1100 3384 1193 3439 Athen
1212 3383 1324 3440 auruclr.

204 3458 417 3527 salamana,
449 3457 572 3512 uacuae
604 3459 661 3512 erae
689 3457 760 3512 cus·
851 3441 1304 3526 arcesseremusne.
1324 3454 1377 3510 nn

203 3529 279 3585 brias
298 3546 334 3584 an
353 3528 430 3584 aeine
448 3526 545 3593 Stella
817 3527 862 3581 die
880 3528 1006 3582 Athener
1027 3529 1109 3582 unter
1130 3526 1143 3579 1
1164 3526 1231 3581 hIcr.
1250 3527 1305 3582 den
1322 3526 1377 3581 Ia-

243 3601 265 3670 6)
280 3598 764 3657 AntalcidischerFrieden38‘1.Vor
817 3597 1014 3653 cedamoniern
1032 3616 1067 3652 au
1084 3595 1161 3652 Hile
1179 3613 1276 3668 rogen,
1294 3598 1378 3653 hatte

205 3670 355 3726 Abuchluls
373 3670 520 3725 desselben
535 3688 594 3726 war
606 3670 763 3741 Iphicrates
816 3667 914 3739 Epam.
938 3668 1077 3725 Laconica
1103 3668 1206 3725 bereits
1233 3669 1377 3725 verlassen

205 3742 260 3795 mit
278 3742 354 3796 einer
372 3741 486 3797 kleinen
502 3741 594 3798 Flotte
613 3743 668 3797 und
688 3742 764 3798 einer
816 3741 873 3795 und
887 3759 940 3795 nur
953 3741 984 3794 in
993 3739 1132 3810 Gytheion
1145 3739 1206 3795 eine
1216 3740 1378 3812 Besataung

206 3811 319 3867 kleinen
332 3812 560 3868 Peltastenschar
573 3812 604 3867 in
617 3813 666 3868 der
678 3813 764 3870 Cher·
816 3809 1061 3879 aurdclrgslassen‚
1085 3812 1160 3865 auch
1183 3810 1229 3865 die
1247 3809 1377 3866 Wieder-

207 3882 608 3953 sonesseit889undlrtmpfte
617 3884 763 3953 glhclrIIch
817 3882 991 3951 herstellung
1031 3880 1204 3937 Messeniens
1249 3881 1377 3952 geleitet.

205 3968 297 4078 {egon
306 3953 469 4022 Anaxibiae,
483 3953 538 4009 den
552 3954 764 4024 spartanischen
816 3952 873 4008 Das
897 3952 1048 4008 Aurudrur
1076 3953 1125 4009 dau
1151 3952 1254 4022 Iphicr.
1276 3969 1377 4008 veran-

234 4025 564 4095 srmostenvonAbydus.
580 4027 697 4081 Seuthes
705 4043 764 4081 aar
816 4022 899 4078 laute
918 4021 968 4077 ibn
981 4040 1034 4077 nur
1048 4042 1098 4079 aur
1111 4023 1268 4081 schnellern
1281 4024 1377 4079 Buch-

206 4097 262 4151 seit
270 4101 322 4152 390
332 4095 564 4165 Bundesgeuosse
573 4097 762 4151 derAthener.
816 4094 887 4148 kehr
919 4109 969 4147 aus
1000 4094 1051 4148 der
1082 4095 1266 4165 Peloponnes.
1308 4094 1376 4166 Vgl.
1469 4080 1477 4109 '

204 4166 434 4238 DessenGegner
449 4166 533 4238 Cotys
548 4166 652 4223 sohlols
667 4168 763 4236 apator
816 4165 913 4235 Epam.
932 4164 1010 4234 VIII,
1029 4169 1055 4220 4.
1090 4165 1192 4236 Iphicr.
1211 4166 1291 4220 hatte
1314 4163 1377 4221 ihm

204 4240 258 4293 mit
275 4239 375 4309 Iphicr.
391 4239 436 4294 ein
449 4238 576 4293 Bsrndnis
595 4240 652 4293 und
666 4239 762 4292 wurde
816 4253 863 4290 am
876 4236 998 4292 Isthmus
1009 4236 1054 4291 die
1064 4237 1215 4292 Rficlrlrehr
1228 4237 1377 4292 abschnoi·

204 4308 264 4364 sein
287 4311 538 4382 Schwiegervater,
561 4308 634 4366 noch
656 4309 685 4364 iu
708 4309 764 4364 den
816 4309 871 4362 den
888 4307 1010 4375 konnen,
1032 4307 1142 4362 echeint
1160 4327 1189 4364 es
1208 4307 1276 4363 aber
1293 4306 1378 4364 nicht

205 4381 348 4453 achtaiger
365 4384 478 4438 Jahren.
816 4379 952 4434 ernstlieh
970 4377 1087 4450 gewollt
1103 4397 1138 4433 an
1155 4380 1257 4435 haben.
