3028 4908
548 182 593 235 VI.
620 180 825 237 LYSANDER.
849 188 873 237 2.
889 190 913 237 3.
1273 188 1314 252 19

143 345 232 431 agris
251 343 486 427 dispalatorum
504 366 604 408 naves
622 345 656 407 in
675 344 820 408 hostium
840 344 987 408 venirent
1005 350 1210 428 potestatem.
1242 347 1312 423 Quo

142 434 229 499 facto
254 432 470 497 Athenienses
494 454 528 496 se
551 431 817 497 Lacedaemoniis
842 433 1040 498 dediderunt.
1084 434 1156 500 Hae
1181 438 1351 518 [a.404]3

141 522 279 588 victoria
306 521 473 604 Lysander
500 521 619 599 elatus,
642 543 714 586 cum
743 526 838 586 antea
868 544 995 606 semper
1017 523 1173 588 factiosus
1197 526 1314 589 audax·

142 634 203 696 que
222 611 346 692 fuisset,
369 609 415 673 sio
435 610 498 674 sibi
517 610 662 691 indulsit,
685 615 723 674 ut
742 612 810 675 eius
830 633 929 693 opera
952 612 987 675 in
1006 612 1182 676 maximum
1203 614 1312 679 odium

141 699 293 764 Graeciae
321 697 566 762 Lacedaemonii
594 699 805 781 pervenirent.
850 697 936 763 Nam
964 722 1036 765 oum
1067 700 1150 765 hanc
1181 717 1349 767 causam4

139 787 388 853 Lacedaemonii
412 787 618 852 dictitassent
641 787 703 851 sibi
723 809 792 851 esse
815 788 904 870 belli,
927 793 963 852 ut
981 789 1231 854 Atheniensium
1253 792 1311 854 im·

139 872 341 963 potentem2)
378 876 631 940 dominationem
669 876 898 960 refringerent,
935 876 1103 961 Lysander
1139 883 1311 962 postquam

140 966 226 1049 apud
257 967 367 1049 Aegos
399 965 518 1028 flumen
551 965 654 1027 classe
682 965 827 1029 hostium
860 972 910 1030 est
937 967 1073 1048 potitus,
1106 967 1187 1030 nihil
1224 968 1311 1033 aliud

139 1056 274 1118 molitus
298 1059 356 1136 est,
380 1074 477 1136 quam
500 1057 537 1115 ut
556 1074 668 1116 omnes
687 1053 835 1118 civitates
853 1054 888 1118 in
911 1076 970 1117 sua
992 1059 1117 1118 teneret
1138 1059 1310 1139 potestate,

139 1165 213 1207 cum
237 1143 269 1206 id
294 1164 328 1206 se
351 1141 677 1206 Lacedaemoniorum
697 1163 794 1206 eausa
817 1142 922 1206 facere
947 1142 1123 1206 simularet
1161 1143 1310 1228 Namque
1329 1158 1346 1207 o

138 1231 294 1314 undique,
322 1231 377 1313 qui
400 1228 648 1293 Atheniensium
676 1232 771 1294 rebus
803 1231 1017 1312 studuissent,
1045 1229 1172 1312 eiectis,
1203 1232 1311 1296 decem

139 1316 336 1404 delegerat³)
363 1319 398 1382 in
421 1339 614 1401 unaquaque
638 1317 782 1395 civitate,
806 1319 922 1403 quibus
952 1340 1114 1383 summum
1138 1319 1310 1403 imperium

138 1412 398 1491 potestatemque
422 1408 566 1470 omnium
590 1428 696 1470 rerum
720 1408 945 1472 committeret.
991 1406 1116 1471 Horum
1139 1408 1173 1471 in
1200 1430 1309 1471 nume-

138 1519 212 1559 rum
231 1517 325 1560 nemo
346 1495 588 1577 admittebatur,
609 1495 674 1559 nisi
694 1496 748 1577 qui
767 1501 824 1559 aut
842 1497 910 1559 eius
930 1496 1072 1578 hospitio
1093 1496 1311 1561 contineretur

139 1590 196 1649 aut
219 1607 253 1647 se
277 1585 365 1648 illius
389 1583 457 1646 fore
481 1584 648 1666 proprium
671 1584 734 1647 fide
758 1584 989 1658 confirmasset.

227 1671 268 1737 ΙΙ.
305 1672 356 1736 lta
379 1672 583 1736 decemvirali
604 1675 768 1754 potestate
797 1674 831 1736 in
854 1673 1004 1737 omnibus
1032 1672 1166 1737 urbibus
1190 1674 1343 1736 consti-1

138 1765 211 1826 tuta
238 1761 340 1844 ipsius
369 1765 451 1824 nutu
474 1762 585 1823 omnia
613 1762 817 1844 gerebantur.
862 1759 962 1825 Cuius
991 1761 1030 1825 de
1053 1760 1244 1826 crudelitate
1274 1783 1310 1826 ac

136 1850 287 1934 perfidia,
307 1871 348 1914 ne
371 1849 466 1932 plura
490 1848 706 1913 enumerando
738 1848 953 1934 defatigemus
975 1848 1127 1929 lectores,
1155 1850 1234 1913 satis
1265 1851 1309 1913 sit

137 1961 237 2003 unam
264 1960 333 2002 rem
362 1937 501 2019 exempli
529 1937 636 2021 gratia
662 1938 813 2020 proferre.
859 1937 974 2003 Victor
1001 1960 1039 2002 ex
1063 1938 1143 2002 Asia
1173 1940 1214 2017 [a.
1228 1938 1306 2018 404]
1328 1952 1344 2000 a

138 2049 211 2092 cum
234 2030 449 2092 reverteretur
468 2025 677 2108 Thasumque
699 2026 892 2150 divertisset,
916 2027 1001 2109 quod
1022 2048 1060 2090 ea
1083 2027 1196 2091 civitas
1219 2049 1309 2110 prae-

137 2116 317 2268 stall?
340 2113 785 2286 ltttt‘ttttlltfftt
804 2114 998 2267 {allud}
1015 2115 1309 2285 tttttttt

136 2298 320 2376 pervertere
344 2314 415 2355 eam
439 2291 632 2373 concupivit.
672 2290 763 2355 Vidit
786 2296 903 2369 autem,
920 2293 986 2356 nisi
1003 2293 1038 2356 in
1057 2313 1094 2356 eo
1115 2294 1309 2357 occultasset
1327 2305 1343 2354 3

137 2382 350 2463 voluntatem,
373 2380 517 2444 futurum
541 2384 578 2443 ut
596 2379 710 2465 Thasii
728 2381 947 2445 dilaberentur
970 2382 1129 2463 rebusque
1149 2382 1215 2444 suis
1235 2402 1309 2444 con·

137 2472 287 2535 sulerent.
329 2469 443 2552 ltaque
467 2469 532 2532 illis
556 2469 591 2531 in
613 2464 762 2533 Herculis
785 2470 944 2552 templum
968 2468 1154 2533 convocatis
1177 2469 1307 2551 planam

135 2560 183 2623 ibi
215 2558 427 2624 humanitatis
461 2558 639 2622 orationem
671 2557 801 2642 habuit,
829 2579 893 2641 qua
920 2578 1027 2621 rerum
1049 2560 1131 2621 ante
1162 2560 1307 2620 actarum

137 2648 265 2711 veniam
288 2649 372 2711 ultro
395 2645 559 2729 pollicitus
584 2651 727 2709 metuere
750 2667 805 2710 eos
824 2646 928 2709 vetuit
951 2644 1109 2729 deumque
1132 2645 1205 2709 fidei
1231 2667 1308 2709 suae

136 2739 256 2801 testem
280 2735 438 2799 adhibuit.
471 2732 595 2809 Quibus
614 2733 742 2817 auditis,
765 2757 837 2799 cum
857 2734 964 2818 etqui
984 2733 1117 2798 aderant
1135 2733 1220 2797 fictis
1240 2734 1308 2798 eius

136 2825 244 2890 verbis
268 2824 490 2903 credidissent,
513 2826 546 2887 et
569 2822 624 2906 qui
648 2823 811 2886 latuerant
834 2826 922 2886 metu
947 2823 1046 2887 soluti
1070 2822 1307 2906 convenissent,

136 2935 248 2978 omnes
271 2913 393 2995 pariter
415 2916 491 2995 post
514 2911 639 2995 aliquot
662 2911 729 2975 dies
752 2912 843 2975 iussu
867 2913 935 2976 eius
959 2915 1035 2976 sunt
1056 2910 1219 2975 trucidati.

225 3000 284 3066 III.
312 3000 421 3084 Atque
440 3001 501 3065 hoo
524 3001 597 3064 loco
618 3004 753 3064 nonest
777 2999 1043 3082 praetereundum
1067 2997 1190 3063 factum
1208 2998 1341 3062 Phar-1

134 3091 260 3173 nabaai,
284 3090 423 3172 satrapis
446 3089 536 3173 regii.
569 3086 653 3152 Nam
678 3110 749 3152 oum
773 3088 941 3171 Lysander
963 3086 1145 3171 praefectus
1171 3090 1213 3168 [a.
1226 3088 1305 3167 404]

135 3180 235 3243 classi
265 3179 299 3242 in
330 3179 413 3242 bello
448 3178 551 3241 multa
581 3176 753 3241 crudeliter
785 3198 943 3260 avareque
974 3177 1104 3240 fecisset
1135 3177 1235 3259 deque
1266 3177 1307 3240 iis

134 3270 233 3333 rebus
257 3268 475 3351 suspicaretur
498 3266 538 3329 ad
557 3265 643 3329 cives
668 3287 743 3329 suos
763 3286 832 3330 esse
855 3265 1028 3349 perlatum,
1051 3265 1148 3347 petiit
1171 3287 1189 3328 a
1208 3263 1308 3327 Phar-

135 3358 260 3421 nabazo
290 3360 326 3420 ut
349 3355 390 3419 ad
414 3353 552 3437 ephoros
577 3354 639 3418 sibi
662 3353 886 3418 testimonium
911 3355 1016 3438 daret,
1039 3357 1161 3437 quanta
1189 3352 1306 3416 sancti-

134 3448 203 3510 tate
222 3445 343 3509 bellum
363 3443 519 3528 gessisset
537 3442 705 3524 sociosque
724 3446 905 3525 tractasset,
924 3442 1026 3525 deque
1046 3463 1084 3506 ea
1102 3463 1137 3504 re
1157 3444 1307 3504 accurate

136 3533 306 3598 scriberet:
334 3553 487 3617 magnam
511 3532 597 3595 enim
625 3529 694 3594 eius
723 3531 952 3615 auctoritatem
980 3531 1015 3593 in
1037 3550 1075 3591 ea
1097 3549 1132 3592 re
1154 3527 1307 3592 futuram.

134 3621 173 3686 Id
200 3621 255 3694 illc
283 3619 463 3685 liberaliter
491 3618 678 3701 pollicetur:
707 3619 826 3682 librum
855 3617 1010 3703 grandem
1040 3615 1243 3699 conscripsit,
1273 3615 1341 3680 ina

135 3732 200 3794 quo
220 3711 355 3774 summis
375 3730 449 3772 eum
468 3707 561 3771 effert
579 3707 738 3771 laudibus.
770 3704 873 3781 Quem
893 3728 965 3771 cum
985 3705 1150 3788 Lysander
1173 3703 1307 3789 legisset

134 3799 380 3882 probassetquc,
403 3798 480 3861 dum
503 3797 660 3880 signatur,
684 3796 823 3860 alterum
853 3796 909 3860 illc
931 3795 1003 3877 pari
1028 3793 1250 3878 magnitudine
1274 3798 1308 3857 et

172 3988 195 4058 ²)
214 3988 467 4057 „Schranlrenlos“.
579 4058 585 4070 ¹
711 3949 715 3957 ⁵
749 3985 826 4042 einer
853 3985 1013 4067 Ausnahme
1040 3985 1080 4039 im
1109 3984 1306 4068 peloponnesi-

173 4059 194 4130 8)
222 4059 279 4113 Das
311 4060 507 4128 Plusquump.,
535 4059 599 4113 weil
630 4059 693 4126 Lys.
749 4058 834 4113 schen
844 4056 947 4127 Knege
961 4058 1133 4125 (411-408),
1147 4072 1247 4109 immer
1257 4055 1306 4107 der

133 4131 180 4186 die
192 4130 282 4185 Sache
297 4132 383 4185 sehon
398 4129 513 4185 seit407
525 4130 696 4184 vorbereitet
749 4127 932 4183 athenisohen
958 4125 1136 4197 Symmachie
1162 4126 1307 4196 angehdrt,

133 4202 224 4256 hatte.
748 4199 792 4253 bis
824 4199 891 4252 hura
917 4199 989 4252 nach
1018 4197 1068 4252 der
1096 4195 1230 4250 Schlacht
1260 4194 1307 4249 bei

173 4271 194 4339 ⁴)
223 4272 331 4326 Thasos
357 4272 436 4326 hatte
456 4269 510 4326 seit
528 4271 578 4323 der
595 4268 694 4324 Unter-
748 4258 933 4339 Agospotami
951 4269 1038 4338 (405),
1058 4267 1141 4322 stand
1158 4266 1224 4320 also
1234 4265 1307 4334 jetat

133 4342 263 4413 werfung
291 4341 379 4396 durch
405 4340 503 4397 Cimon
528 4341 616 4411 (465),
642 4340 695 4394 mit
748 4336 1305 4395 bereitsauiScitcnderLaceddmonicr.

1055 4424 1093 4479 2*
