3028 4908
215 202 239 267 4
651 203 672 259 Ι.
701 203 905 260 MILTIADES.
928 208 953 257 4.

201 365 362 431 ‘colerent
376 365 491 430 Graeci
511 386 637 450 genere,
655 365 775 430 liberos
794 365 1000 431 aPersarum
1017 367 1144 432 futuros
1159 367 1394 437 dominatione.
1492 388 1493 413 ³

216 451 292 519 Sine
324 455 469 538 periculo
497 454 531 518 id
559 458 592 520 et
619 454 715 519 facile
747 453 832 518 effici
859 476 970 538 posse:
1003 459 1103 540 ponte
1132 457 1220 521 enim
1251 459 1392 525 rescisso

216 563 328 628 regem
351 545 403 608 vel
426 543 571 607 hostium
594 543 679 608 ferro
698 542 750 607 vel
772 542 883 626 inopia
905 543 1019 627 paucis
1043 543 1156 609 diebus
1174 546 1394 614 interiturum.

181 653 197 702 5
216 631 268 696 Ad
291 632 353 696 hoc
376 631 545 697 consilium
565 653 639 697 cum
661 630 807 715 plerique
826 632 1025 714 accederent,
1047 631 1215 698 Histiaeus
1234 632 1394 721 Milesius,

216 741 257 784 ne
279 741 332 785 res
360 721 584 804 conficeretur,
607 719 751 804 obstitit,
775 741 848 785 cum
871 718 992 785 diceret
1014 743 1082 786 non
1105 721 1190 786 idem
1216 723 1312 807 ipsis,
1335 727 1395 809 qui

217 819 361 874 summas
384 808 512 893 imperii
535 812 693 892 tenerent,
716 803 866 891 expedire
890 813 923 874 at
946 809 1166 893 multitudini,
1189 811 1276 895 quod
1298 810 1395 877 Darii

215 917 316 981 regno
340 897 487 981 ipsorum
509 898 668 962 niteretur
691 896 884 962 dominatio:
918 919 981 981 quo
1006 898 1166 964 exstincto
1189 900 1279 983 ipsos
1302 904 1393 984 pote-

217 988 303 1050 state
326 987 477 1071 expulsos
497 986 621 1050 civibus
645 987 712 1050 suis
731 1006 854 1068 poenas
874 984 1016 1051 daturos.
1047 985 1162 1071 Itaque
1180 988 1261 1053 adeo
1281 1009 1315 1053 se
1335 991 1394 1054 ab·

217 1074 349 1138 horrere
373 1096 392 1139 a
415 1077 596 1140 ceterorum
617 1073 765 1156 consilio,
788 1077 825 1138 ut
842 1073 925 1139 nihil
947 1077 1041 1159 putet
1059 1076 1140 1159 ipsis
1159 1077 1273 1141 utilius
1292 1099 1393 1161 quam

182 1185 198 1234 s
217 1163 404 1228 confirmari
425 1183 562 1247 regnum
586 1163 766 1228 Persarum.
812 1161 907 1228 Hanc
936 1164 1134 1228 sententiam
1157 1186 1230 1230 cum
1259 1165 1394 1248 plurimi

218 1254 327 1316 essent
353 1252 470 1335 secuti,
497 1250 662 1316 Miltiades
690 1272 758 1316 non
781 1250 933 1316 dubitans
956 1255 1025 1316 tam
1053 1253 1165 1318 multis
1189 1253 1327 1319 consciis
1351 1255 1393 1318 ad

217 1339 304 1424 regis
333 1361 425 1405 aures
455 1339 593 1405 consilia
616 1362 674 1405 sua
697 1342 907 1425 perventura,
929 1338 1167 1406 Chersonesum
1193 1341 1326 1425 reliquit
1355 1365 1411 1416 ac¹

216 1449 329 1493 rursus
356 1429 504 1494 Athenas
537 1425 789 1512 demigravirlss).
835 1426 934 1493 (iuius
966 1429 1051 1493 ratio
1085 1431 1147 1494 etsi
1178 1451 1245 1494 non
1277 1431 1392 1516 valuit,

216 1520 327 1581 tamen
345 1538 464 1603 magno
479 1539 575 1601 opere
590 1521 641 1581 est
656 1516 827 1599 laudanda,
846 1537 920 1580 cum
934 1517 1068 1583 amicior
1083 1519 1227 1583 omnium
1246 1519 1393 1585 libertati

220 1626 316 1688 quam
340 1628 417 1671 suae
440 1605 540 1670 fuerit
564 1603 786 1670 dominationi.

183 1715 198 1763 1
306 1693 363 1759 IV.
410 1694 528 1758 Darius
557 1696 679 1776 autem,
712 1714 786 1759 cum
813 1714 852 1757 ex
878 1692 1011 1777 Europa
1037 1696 1073 1758 in
1101 1694 1216 1760 Asiam
1246 1695 1393 1780 redisset,

216 1781 425 1848 hortantibus
445 1782 568 1865 amicis,
591 1785 628 1847 ut
648 1778 818 1846 Graeciam
837 1781 998 1867 redigeret
1017 1783 1052 1847 in
1071 1804 1164 1848 suam
1185 1787 1392 1868 potestatem,

133 1944 136 1950 ⁵
217 1870 354 1934 classem
374 1871 626 1955 quingentarum
644 1869 776 1935 navium
794 1872 998 1954 comparavit
1016 1872 1109 1956 eique
1124 1871 1235 1937 Datim
1255 1875 1296 1953 [a.
1310 1873 1391 1954 490]

216 1957 373 2042 praefecit
396 1962 429 2023 et
447 1958 685 2043 Artaphernem
703 1958 818 2041 hisque
838 1959 975 2024 ducenta
996 1960 1153 2044 peditum,
1176 1959 1286 2026 decem
1305 1963 1393 2046 equi-

217 2050 287 2111 tum
310 2047 402 2112 milia
425 2047 523 2126 dedit,
545 2068 677 2112 causam
700 2048 895 2112 interserens
904 2044 958 2134 14),
983 2070 1017 2113 se
1041 2049 1170 2113 hostem
1194 2070 1264 2114 esse
1289 2049 1392 2114 Athe·

217 2135 395 2219 niensibus,
418 2136 504 2220 quod
527 2157 639 2201 eorum
661 2135 781 2200 auxilio
800 2134 897 2200 Iones
918 2135 1034 2202 Sardes
1059 2141 1299 2222 expugnassent
1319 2160 1393 2203 sua-

182 2244 280 2307 aque
308 2225 471 2308 praesidia
497 2220 789 2310 interfecissent15).
835 2224 889 2289 Illi
921 2225 1076 2309 praefecti
1106 2226 1190 2311 regii
1217 2227 1322 2291 classe
1350 2227 1392 2293 ad

217 2311 388 2377 Euboeam
415 2313 553 2396 appulsa
581 2313 727 2397 celeriter
749 2312 913 2377 Eretriam
941 2317 1095 2397 ceperunt
1124 2336 1298 2399 omnesque
1322 2315 1392 2383 eius

217 2399 371 2486 gentiam)
400 2402 486 2467 cives
515 2402 667 2487 abreptos
695 2402 730 2465 in
754 2401 868 2465 Asiam
898 2402 937 2466 ad
961 2422 1073 2486 regem
1099 2403 1267 2468 miserunt
1312 2404 1393 2468 Inde

218 2490 259 2554 ad
278 2490 423 2556 Atticam
447 2494 651 2556 accesserunt
671 2498 703 2554 et
721 2490 832 2574 copias
852 2490 886 2555 in
906 2511 1057 2574 campum
1076 2489 1317 2578 Marathonall)
1341 2493 1393 2557 de-

218 2578 387 2644 duxerunt.
431 2579 465 2644 Is
494 2580 589 2644 abest
616 2580 657 2644 ah
687 2580 766 2644 urbe
794 2579 922 2644 circiter
953 2579 1043 2645 milia
1064 2601 1221 2665 passuum
1244 2581 1393 2646 sedecim.

182 2688 199 2735 3
218 2667 290 2733 Hoc
313 2668 454 2732 tumultu
479 2667 696 2733 Athenienses
719 2672 789 2733 tam
811 2669 993 2753 propinquo
1010 2674 1296 2754 'tamque‘magno
1320 2691 1392 2752 per·

217 2757 301 2821 moti
324 2756 480 2820 auxilium
502 2777 662 2839 nusquam
685 2756 749 2820 nisi
772 2777 792 2819 a
813 2755 1080 2829 Lacedaemoniis
1108 2757 1293 2840 petiverunt
1316 2758 1393 2822 Phi·

218 2843 415 2928 dippumque
443 2864 606 2907 cursorem
630 2845 698 2908 eius
722 2845 862 2929 generis,
892 2845 977 2928 quod
1007 2846 1272 2911 hemerodromoe
1299 2868 1393 2911 voca·

218 2929 326 3018 tur²⁸),
348 2930 624 2997 Lacedaemonem
642 2932 810 3014 miserunt,
830 2937 868 2996 ut
885 2933 1058 3016 nuntiaret,
1077 2956 1175 3018 quam
1194 2934 1293 3000 celeri
1311 2956 1392 3018 opus

181 3023 305 3088 sesset
337 3021 467 3086 auxilio.
512 3019 611 3085 Domi
644 3024 753 3086 autam
786 3025 895 3086 creant
927 3020 1036 3088 decem
1074 3027 1253 3106 praetores,
1284 3023 1320 3087 in
1349 3023 1392 3088 iis

217 3108 407 3175 Miltiadem.
449 3108 540 3174 Inter
563 3131 643 3193 quos
667 3130 786 3195 magna
809 3109 872 3174 fuit
894 3111 1068 3189 contentio,
1092 3115 1202 3176 utrum
1221 3112 1391 3179 moenibus

219 3219 253 3263 se
277 3197 496 3281 defenderent,
520 3219 562 3262 an
585 3198 714 3262 obviam
738 3201 824 3264 irent
846 3199 995 3264 hostibus
1019 3200 1150 3284 acieque
1173 3199 1391 3265 decernerent.

182 3306 199 3354 s
218 3284 312 3351 Unus
319 3283 358 3374 ²⁹)
378 3286 543 3351 Miltiades
562 3287 702 3351 maxime
720 3288 897 3372 nitebatur,
920 3292 956 3352 ut
973 3288 1080 3371 primo
1099 3310 1226 3373 quoque
1244 3292 1393 3373 tempore

257 3442 291 3513 18)
314 3441 387 3498 Milt.
406 3459 473 3513 mag
491 3441 600 3498 damals
625 3443 713 3498 sehon
731 3444 782 3499 auf
833 3442 1073 3512 ticnsverhtltnis,
1087 3443 1141 3499 wie
1155 3443 1186 3498 in
1200 3459 1269 3513 agro
1284 3443 1394 3500 Troade

217 3513 303 3568 hurze
320 3513 383 3569 Zeit
399 3515 430 3568 in
442 3513 537 3568 Athen
556 3512 715 3568 Sicherheit
732 3532 780 3586 ge·
832 3515 914 3570 Paus.
932 3513 982 3583 III,
1002 3519 1027 3570 3.

218 3586 301 3639 sucht
319 3585 421 3642 haben.
446 3586 521 3640 Aban
535 3583 661 3639 dauernd
679 3584 779 3641 kehrte
871 3585 903 3655 ¹⁸)
927 3585 1008 3652 Quod
1027 3587 1151 3653 vocatur,
1170 3583 1224 3639 wie
1242 3585 1325 3639 Paus.
1344 3584 1395 3655 III,

218 3671 249 3708 er
266 3656 325 3708 erat
348 3662 401 3710 494
420 3655 506 3711 dahin
528 3656 645 3725 zurrick,
670 3655 713 3710 als
733 3657 778 3712 die
834 3662 895 3712 ou.
914 3655 994 3711 Eum.
1014 3655 1048 3724 V,
1067 3662 1097 3724 3,
1121 3655 1201 3710 nicht
1224 3656 1274 3725 qui
1291 3673 1396 3713 vocan-
1492 3684 1493 3705 r

217 3725 316 3780 Perser
333 3720 406 3780 nach
423 3726 622 3796 Baw'altigung
640 3727 690 3782 des
708 3727 779 3783 ioni·
832 3728 887 3796 tur,
907 3727 972 3782 weil
986 3727 1036 3781 der
1050 3727 1225 3782 Relativsatz
1240 3727 1301 3783 hier
1314 3727 1396 3782 nicht

218 3794 516 3852 schenAulstandesin
524 3796 778 3868 jenenGewassern
833 3797 895 3853 eine
909 3797 1059 3867 beildufige
1071 3797 1258 3868 Bemerlrung,
1274 3800 1396 3854 condem

218 3884 253 3920 zu
270 3868 396 3937 machtig
414 3868 536 3923 wurden.
832 3867 1396 3938 einenotwendigeBestimmungzueius

220 4008 226 4020 Ι
257 3938 290 4006 ¹⁴)
315 3937 403 3993 Dafdr
427 3938 476 3993 das
504 3939 647 3994 dblichere
666 3958 778 3996 causam
833 3940 943 4022 generis
964 3940 1082 4020 enthtlt.
1110 3939 1193 3993 Indes
1213 3940 1293 4008 auch,
1312 3956 1396 3996 wenn

218 4009 674 4151 ”bsttddttulbtu
693 4040 758 4138 4992
832 4009 1398 4150 sacrabatur?sisausa

256 4150 290 4219 ¹⁶)
309 4151 460 4222 Bezdglich
475 4151 526 4207 auf
537 4153 588 4207 das
602 4152 686 4223 obige
696 4153 779 4208 Graa-
832 4152 1003 4221 wenigstens
1014 4151 1149 4207 statthaft
1157 4170 1287 4222 gewssen
1296 4169 1397 4222 wagan

219 4221 301 4279 ciam.
334 4222 391 4278 Der
409 4224 558 4279 Ausdruclr
576 4239 707 4293 ungenau
725 4223 778 4278 wie
833 4223 883 4278 des
902 4223 986 4279 dabei
1005 4223 1161 4279 stehenden
1178 4224 1395 4279 Fremdwortes.

219 4310 316 4349 aarum
334 4294 447 4349 urbium
464 4294 543 4362 III,1
563 4294 620 4348 und
638 4310 673 4349 ea
691 4293 725 4362 V,
739 4300 764 4348 2.
871 4293 904 4363 ¹⁹)
933 4293 1011 4349 Unus
1035 4296 1136 4366 gehdrt
1159 4294 1201 4350 als
1226 4293 1397 4365 Steigerung

256 4364 290 4434 17)
309 4364 379 4420 Mar.
393 4366 452 4419 und
466 4381 596 4434 campum
609 4364 648 4418 im
658 4365 780 4435 Apposi-
834 4382 869 4418 au
887 4366 1016 4421 maxime.
