3028 4908
506 230 579 287 xlv.
610 230 794 286 DATAMES.
819 236 861 287 ro.
882 235 923 286 11.
1254 230 1298 295 49

120 396 304 462 interficere
333 392 471 458 studuit:
504 415 584 477 quas
615 394 673 457 ille
701 393 870 478 plerasque
899 392 1041 458 evitavit.
1087 391 1192 477 Sicut,
1224 409 1333 457 cuma

121 483 337 566 comperisset
368 482 526 566 quosdam
560 482 623 546 sibi
653 481 812 565 insidiari,
845 482 902 565 qui
933 482 967 546 in
998 481 1174 551 amicorum
1205 487 1299 547 erant

121 593 274 655 numero,
301 592 407 655 neque
430 571 624 636 credendum
647 591 752 655 neque
778 569 1015 655 neglegendum
1039 590 1110 634 esse
1132 572 1222 635 ratur
1246 592 1298 635 ex-

122 661 222 745 periri
245 660 360 744 voluit,
383 680 495 724 verum
518 659 679 724 falsumne
702 659 766 723 sibi
789 661 874 723 esset
896 658 1043 725 relatum.
1088 657 1202 743 Itaque
1225 680 1298 741 pro·
1318 675 1334 721 3

123 751 229 814 fectus
253 752 313 830 est,
335 744 415 832 in²⁶)
440 768 503 830 quo
526 746 644 812 itinere
664 746 791 812 futuras
814 746 950 812 insidias
969 747 1091 812 dictum
1115 751 1194 812 erat.
1236 745 1299 812 Sed

123 838 226 924 elegit
249 857 383 920 corpore
406 857 444 900 ac
468 838 597 901 statura
620 835 821 900 simillimum
845 836 896 899 sui
915 835 1008 921 eique
1031 836 1186 900 vestitum
1205 858 1299 900 suum

125 927 216 990 dedit
240 935 336 1008 atque
355 945 393 989 eo
411 923 484 988 loco
507 925 563 1007 ire,
586 945 650 1008 quo
673 925 744 1007 ipse
767 927 948 1008 consuerat,
970 924 1079 989 iussit:
1101 924 1171 1008 ipse
1191 927 1299 989 autem

123 1019 244 1079 ornatu
267 1013 400 1077 militari
427 1011 513 1076 inter
535 1012 680 1097 corporis
704 1013 853 1077 custodes
879 1013 942 1077 iter
964 1013 1068 1078 facere
1092 1012 1208 1096 coepit.
1253 1011 1300 1077 At

123 1102 343 1183 insidiatores,
366 1103 541 1183 postquam
563 1102 599 1165 in
622 1102 716 1166 illurn
734 1101 841 1166 locum
860 1121 978 1185 agmen
999 1101 1154 1184 pervenit,
1173 1101 1300 1184 decepti
1319 1114 1336 1162 4

123 1192 239 1256 ordine
268 1194 366 1274 atque
389 1190 512 1253 vestitu
534 1189 693 1273 impetum
715 1190 751 1253 in
775 1211 848 1253 eum
871 1189 1007 1271 faciunt,
1032 1190 1087 1273 qui
1110 1191 1299 1273 suppositus

124 1283 207 1345 erat.
238 1277 450 1342 Praedixerat
468 1282 578 1342 autem
597 1277 752 1342 Datames
771 1278 821 1361 iis,
840 1300 913 1343 cum
932 1278 1050 1361 quibus
1068 1279 1130 1342 iter
1149 1278 1301 1357 faciebat,

122 1372 161 1432 ut
183 1367 293 1453 parati
320 1369 430 1431 essent
456 1365 576 1450 facere,
603 1366 689 1450 quod
716 1366 822 1450 ipsum
845 1366 1011 1432 vidissent.
1055 1365 1143 1449 Ipse,
1167 1371 1205 1430 ut
1226 1387 1301 1430 con-

123 1459 290 1521 currentes
317 1453 521 1519 insidiatores
550 1455 693 1519 animum
724 1453 878 1538 advertit,
909 1455 976 1518 tela
1007 1454 1043 1517 in
1071 1475 1125 1518 ecs
1153 1454 1300 1518 coniecit.

122 1545 196 1610 Hoc
219 1542 305 1608 idem
329 1564 403 1608 cum
426 1541 568 1607 universi
591 1542 757 1625 fecissent,
779 1543 968 1627 priusquam
992 1540 1203 1607 confoderent
1225 1564 1300 1607 eum

123 1654 222 1717 quem
245 1631 381 1716 aggredi
403 1630 568 1715 volebant,
589 1631 707 1696 confixi
729 1632 794 1715 ipsi
817 1631 1037 1696 conciderunt.

212 1718 252 1785 X„
285 1720 410 1784 Tamen
437 1719 491 1783 ille
515 1728 583 1783 tam
610 1719 747 1785 callidus
771 1720 821 1784 vir
843 1724 987 1784 extremo
1014 1722 1160 1804 tempore
1184 1722 1298 1803 captus
1320 1731 1334 1780 1

124 1813 175 1874 est
196 1803 445 1891 Mithridatisffl)
470 1807 554 1890 dolo,
576 1809 679 1890 patris
703 1808 942 1874 Ariobarzanis.
978 1806 1130 1893 Namque
1153 1808 1181 1872 is
1205 1808 1300 1893 polli-

124 1899 210 1962 citus
228 1900 280 1961 est
294 1897 363 1981 regi
382 1916 416 1960 se
431 1917 504 1960 enm
518 1897 772 1982 interfecturum,
788 1897 819 1960 si
837 1919 894 1961 rex
912 1897 1125 1980 permitteret,
1143 1900 1180 1961 ut
1200 1896 1299 1980 quod·

124 2007 261 2070 cumque
283 1986 382 2049 vellet
404 1983 517 2048 liceret
539 1985 671 2067 impune
694 1985 815 2068 facere,
844 1985 1004 2069 fidemque
1027 1983 1066 2050 de
1091 2006 1129 2050 ea
1152 2007 1186 2049 re
1209 2006 1300 2049 more

123 2073 297 2138 Persarum
321 2073 434 2137 dextra
457 2069 652 2159 dedisset23).
693 2072 788 2138 Hanc
810 2078 848 2137 ut
871 2074 996 2157 accepit
1018 2094 1038 2136 a
1060 2094 1136 2158 rege
1155 2075 1300 2158 missam,
1318 2086 1334 2134 a

125 2162 237 2247 copias
257 2165 354 2245 parat
376 2165 410 2224 et
428 2160 544 2225 absens
564 2161 742 2226 amicitiam
765 2182 838 2225 cum
857 2160 996 2226 Datame
1014 2162 1104 2244 facit,
1122 2162 1208 2245 regis
1227 2184 1299 2246 pro·

3 2250 4 2255 ’
124 2251 248 2314 vincias
269 2253 373 2327 vexat,
392 2250 527 2313 castella
547 2253 721 2334 expugnat,
740 2270 878 2335 magnas
896 2250 1033 2334 praedas
1052 2250 1149 2333 capit,
1164 2270 1301 2332 quarum

125 2339 247 2423 partim
276 2337 343 2402 suis
367 2337 533 2420 dispertit,
561 2338 683 2422 partim
706 2338 747 2402 ad
770 2337 943 2403 Datamem
966 2336 1082 2401 mittit:
1110 2337 1301 2421 parimodo

3 2458 4 2461 ¹
124 2427 294 2510 complura
326 2425 463 2491 castella
495 2426 526 2490 ei
555 2426 700 2493 tradidit.
750 2425 840 2490 Haec
872 2427 928 2491 diu
959 2425 1107 2490 faciendo
1139 2425 1337 2508 persuasits

124 2514 250 2581 homini
273 2536 308 2579 se
326 2514 491 2579 infinitum
515 2515 670 2580 adversus
693 2534 804 2598 regem
827 2515 1007 2597 suscepisse
1027 2513 1158 2592 bellum,
1181 2510 1300 2598 cum²⁹)

124 2603 229 2669 nihilo
254 2604 375 2688 magis,
402 2624 444 2666 ne
467 2625 565 2687 quam
589 2603 805 2688 suspicionem
833 2603 883 2667 illi
909 2603 1079 2687 praeberet
1101 2601 1303 2686 insidiarum,

123 2714 231 2777 neque
254 2691 451 2774 colloquium
474 2691 543 2757 eius
567 2693 683 2775 petivit
700 2713 804 2776 neque
822 2692 858 2756 in
877 2694 1086 2776 conspectum
1105 2691 1214 2755 venire
1234 2694 1302 2754 stu-

126 2782 206 2845 duit.
234 2779 289 2845 Sic
303 2781 420 2856 absens
436 2780 613 2845 amicitiam
628 2781 771 2866 gerebat,
785 2784 823 2844 ut
837 2802 904 2845 non
917 2779 1082 2845 beneficiis
1097 2781 1229 2863 mutuis,
1245 2779 1302 2844 sed

124 2869 291 2934 communi
309 2867 393 2950 odio,
412 2868 497 2951 quod
511 2868 547 2933 in
565 2889 675 2953 regem
695 2873 911 2953 susceperant,
930 2868 1088 2934 contineri
1107 2868 1302 2933 viderentur.

215 2956 271 3022 XI.
301 2955 341 3021 Id
363 2956 419 3021 ubi
443 2957 523 3021 satis
552 2978 586 3022 se
611 2954 819 3022 confirmasse
842 2958 1019 3023 arbitratus
1043 2961 1109 3040 est,
1131 2957 1301 3021 certiorem
1323 2970 1336 3017 1

124 3047 205 3112 facit
222 3046 397 3112 Datamem
416 3048 544 3130 tempus
566 3068 636 3110 esse
655 3047 794 3111 maiores
813 3047 973 3111 exercitus
991 3045 1101 3130 parari
1125 3050 1157 3109 et
1180 3045 1303 3109 bellum
1334 3048 1337 3051 ’

124 3157 200 3200 cum
223 3136 295 3217 ipso
318 3154 395 3218 rege
419 3134 553 3218 suscipi,
576 3134 679 3218 deque
702 3156 741 3199 ea
763 3156 813 3218 re,
836 3135 865 3198 si
888 3135 918 3198 ei
941 3134 1118 3217 videretur,
1142 3156 1206 3218 quo
1230 3133 1302 3198 loco

124 3223 238 3306 vellet,
261 3223 297 3287 in
320 3222 518 3307 colloquium
541 3222 675 3287 veniret.
722 3222 865 3287 Probata
887 3244 922 3287 re
945 3221 1152 3306 colloquendi
1175 3226 1303 3306 tempus

125 3312 270 3377 sumitur
288 3311 452 3395 locusque,
471 3332 534 3394 quo
553 3311 786 3377 conveniretur.
818 3310 891 3377 Huc
910 3310 1117 3376 Mithridates
1137 3332 1209 3374 cum
1228 3331 1303 3393 uno,
1322 3325 1338 3372 2

165 3537 201 3605 ²⁶)
216 3537 249 3590 In
259 3538 417 3592 deutetnur
431 3537 481 3591 auf
489 3537 552 3591 eine
564 3536 689 3593 einzelne
743 3555 794 3606 ser,
801 3537 853 3593 wie
859 3537 919 3592 ein
925 3534 1304 3604 Vater,vomPerkerlrbnige

126 3609 216 3664 Stella
242 3609 291 3663 des
309 3606 413 3678 Weges
431 3608 489 3662 hin.
527 3608 620 3662 Daher
639 3613 654 3673 ς
672 3612 689 3660 4
742 3609 847 3663 bereits
864 3608 954 3677 vollig
971 3606 1155 3676 unabhangig
1171 3622 1238 3661 war.

125 3679 417 3816 in‚¹,¹,¹¹},¹¹gr¹⁸2f,¹,¹gn,j„e
427 3750 475 3817 Ν,
486 3755 512 3807 5·
539 3748 618 3803 Dm
629 3747 689 3804 sein
779 3712 814 3783 ²⁸)
828 3712 922 3767 Dnroh
930 3711 1304 3781 einenBevollmachtigten,

126 3819 691 3960 gqqppgpngegqqqqqgg
743 3782 1305 3910 rrrsecuuruccuu

127 3963 180 4016 auf
209 3964 263 4016 den
295 3933 690 4032 poirtisch-cappadocischen
781 3961 815 4030 ¹⁹)
834 3959 904 4016 Cum
922 3961 960 4016 ist
977 3961 1039 4015 hier
1057 3960 1136 4016 nicht
1155 3956 1251 4016 soviel'
1265 3960 1307 4015 als

127 4034 233 4089 Thron.
258 4033 690 4089 DaAriobaraanes363seinem
744 4049 776 4088 eo
808 4034 936 4103 tempore
968 4049 1036 4102 quo,
1069 4032 1121 4086 wie
1147 4031 1214 4086 Con.
1234 4030 1307 4100 1,a,

128 4103 216 4159 Vater
229 4103 327 4173 selgae,
343 4121 374 4159 so
388 4103 426 4158 ist
439 4105 489 4158 der
500 4104 562 4159 Tod
576 4104 690 4158 desDa-
743 4103 863 4159 sondern
886 4103 936 4157 der
955 4103 1021 4158 Sata
1044 4103 1096 4158 hat
1120 4102 1165 4157 die
1184 4100 1307 4170 Geltung

126 4176 217 4230 tames
237 4177 393 4245 epatestens
412 4173 442 4227 in
461 4174 552 4228 dieses
568 4173 638 4228 Jahr
655 4191 690 4227 an
743 4175 820 4229 eines
838 4174 1033 4244 Haupteataes.
1071 4172 1141 4246 Cum
1163 4173 1201 4227 ist
1219 4171 1307 4226 soviel

129 4248 232 4302 setaen.
281 4245 335 4300 Die
367 4246 499 4314 folgende
531 4243 691 4314 Errahlnng
744 4245 786 4300 als
810 4245 891 4316 „und
914 4244 1072 4326 augleich“.
1110 4233 1201 4299 Ofters
1230 4243 1307 4298 steht

128 4318 224 4371 wflrde
239 4317 291 4371 auf
297 4318 352 4371 den
361 4317 501 4387 jungeren
510 4314 689 4371 Mithridates
744 4332 775 4372 so
794 4334 858 4371 curn
876 4314 991 4370 interim
1015 4315 1083 4370 oder
1101 4332 1163 4370 cum
1187 4313 1315 4381 interea,

128 4390 201 4441 auch
215 4387 340 4442 inuelem
353 4386 433 4442 nicht
446 4403 556 4457 possen,
576 4387 617 4441 als
631 4385 690 4441 die·
743 4406 767 4441 a.
781 4386 814 4445 B.
832 4389 915 4457 Ages.
932 4386 991 4456 VII,
1011 4392 1035 4442 1.

184 4484 317 4538 Oarrraurr,
333 4484 454 4527 Cornelius
465 4486 549 4536 Nepos.
1078 4480 1095 4527 4
