3028 4908
414 245 446 301 X.
475 244 574 300 DION.
600 252 641 301 10.
677 246 724 301 ΧΙ.
752 245 973 302 IPHIORATES.
998 256 1022 301 1.
1260 247 1302 311 37

131 409 306 474 cubantem
333 407 504 492 invadunt,
531 408 705 493 colligant:
732 410 771 473 fit
798 409 964 494 strepitus,
993 410 1073 474 adeo
1101 413 1137 475 ut
1160 410 1337 476 exaudiris

129 500 244 581 posset
266 495 357 561 foris.
393 495 464 576 His,
488 498 571 561 sicut
589 500 665 561 ante
689 519 784 581 saepe
792 495 832 582 ³⁴)
856 498 1056 581 dictumest,
1079 520 1175 582 quam
1197 499 1302 565 invisa

132 586 178 651 sit
204 585 377 670 singularis
400 586 546 668 potentia
569 588 602 650 et
624 586 807 651 miseranda
830 586 910 669 vita,
939 586 995 672 qui
1019 608 1053 651 se
1076 587 1177 652 metui
1204 610 1302 672 quam

131 675 236 740 amari
264 674 403 756 malunt,
431 675 532 739 cuivis
559 675 653 739 facile
679 676 846 741 intellectu
872 675 942 740 fuit
983 674 1132 760 Namque
1158 677 1208 740 illi
1236 677 1336 760 ipsit

130 763 291 847 custodes,
310 763 338 826 si
357 766 508 846 prompta
526 762 665 828 inissent
678 764 856 848 uoluntate,
873 763 1000 830 foribus
1014 764 1155 830 effractis
1175 786 1301 829 servare

131 873 206 916 cum
223 851 416 935 potuissent,
439 851 525 936 quod
542 851 593 916 illi
612 853 750 917 inermes
769 853 870 917 telum
888 853 969 918 foris
988 853 1174 938 flagitantes
1192 852 1302 918 vivum

130 940 295 1005 tenebant.
332 936 393 1004 Oui
415 962 489 1005 cum
513 945 711 1006 succurreret
732 963 838 1025 nemo,
856 939 945 1026 Lyco
954 938 994 1028 ⁸⁵)
1017 941 1148 1027 quidam
1168 939 1302 1025 Syracu·

130 1050 229 1095 sanus
253 1050 311 1112 per
332 1027 508 1093 fenestram
532 1029 678 1112 gladium
702 1029 802 1108 dedit,
832 1052 896 1115 quo
919 1027 1007 1095 Dion
1028 1031 1219 1096 interfectus
1245 1037 1302 1095 est.

219 1117 258 1182 X.
296 1114 453 1182 Confecta
484 1118 595 1202 caede,
624 1139 695 1183 cum
728 1119 900 1184 multitudo
932 1120 1057 1184 visendi
1089 1119 1195 1205 gratia
1228 1133 1337 1185 con-1

129 1206 282 1289 venisset,
301 1206 451 1271 nonnulli
471 1206 509 1270 de
527 1206 640 1272 insciis
658 1228 717 1290 pro
737 1206 843 1271 noxiis
858 1207 1080 1274 conciduntur.
1107 1206 1194 1273 Nam
1208 1208 1303 1272 celeri

129 1317 261 1360 rumore
280 1294 391 1377 dilate,
404 1293 504 1360 Dioni
517 1295 584 1359 vim
604 1295 748 1378 allatam,
767 1295 864 1360 multi
883 1294 1165 1381 concurreraness),
1184 1297 1302 1380 quibus

128 1384 199 1448 tale
217 1382 344 1448 facinus
367 1383 569 1467 displicebat.
600 1382 646 1447 Hi
669 1384 754 1449 falsa
777 1385 961 1469 suspicione
984 1386 1072 1450 ducti
1094 1386 1301 1449 immerentes

129 1476 170 1536 ut
202 1473 376 1537 sceleratos
408 1472 567 1537 occidunt.
612 1471 705 1537 Illius
738 1476 848 1537 autem
875 1473 915 1537 de
947 1477 1051 1539 morte
1078 1478 1116 1539 ut
1146 1470 1340 1560 palam⁸⁷)a

130 1561 256 1627 factum
279 1565 343 1644 est,
366 1561 563 1625 mirabiliter
584 1561 682 1645 vulgo
706 1565 831 1626 mutata
859 1567 910 1627 est
931 1563 1091 1629 voluntas.
1137 1561 1223 1627 Nam
1248 1563 1304 1647 qui

129 1652 242 1715 vivum
265 1651 361 1714 modo
385 1655 560 1734 tyrannum
583 1651 778 1733 vocitarunt,
800 1650 886 1715 idem
909 1656 1072 1716 mortuum
1095 1652 1303 1716 liberatorem

130 1740 259 1823 patriae
290 1739 483 1823 tyrannique
516 1740 721 1823 expulsorem
753 1739 993 1823 praedicabant.
1039 1740 1087 1805 Ac
1117 1739 1163 1805 sic
1193 1741 1302 1805 subito

131 1827 357 1892 misericordia
380 1827 454 1891 odio
479 1831 691 1908 successerat,
713 1830 752 1892 ut
774 1849 848 1893 eum
872 1850 931 1894 suo
956 1828 1114 1914 sanguine
1137 1829 1178 1894 ab
1201 1829 1304 1893 Aehe-

131 1920 240 1999 runte,
258 1916 285 1981 si
305 1920 449 2000 possent,
468 1920 623 2001 cuperent
635 1915 798 1982 redimere.
822 1917 937 2002 Itaque
952 1918 986 1982 in
1000 1918 1080 1983 urbe
1094 1917 1303 1984 celeberrimo
1323 1931 1339 1980 3

129 2005 214 2088 loco,
238 2005 344 2069 elatus
367 2004 512 2088 publice,
541 2006 682 2089 sepulcri
710 2010 921 2071 monumento
945 2007 1084 2072 donatus
1107 2012 1164 2072 est
1210 2005 1304 2071 Diem

130 2094 214 2159 obiit
238 2093 366 2158 circiter
386 2114 489 2159 annos
509 2095 746 2179 quinquaginta
766 2095 906 2180 quinque
923 2099 1031 2179 natus,
1054 2100 1206 2180 quartum
1229 2099 1305 2180 post

130 2203 262 2265 annum,
286 2204 382 2266 quam
406 2203 444 2246 ex
468 2183 690 2266 Peloponneso
713 2184 746 2246 in
771 2180 916 2248 Siciliam
943 2184 1085 2249 redierat

613 2380 825 2387 *v-——o—

521 2539 583 2611 XI.
616 2536 912 2613 IPHIORATES.

217 2679 243 2744 I.
285 2677 464 2762 Iphicrates
496 2676 707 2742 Atheniensis
737 2699 806 2742 non
837 2681 905 2742 tam
938 2677 1160 2764 magnitudine
1191 2672 1337 2742 rerumi

131 2773 302 2855 gestarum
321 2789 419 2852 quam
437 2767 609 2851 disciplina
627 2766 763 2830 militari
770 2764 796 2851 ¹)
818 2766 1011 2832 nobilitatus
1030 2771 1088 2834 est.
1124 2766 1201 2831 Fuit
1218 2766 1303 2831 enim

128 2857 210 2922 talis
235 2856 312 2937 dux,
335 2861 462 2921 utnon
491 2856 595 2920 solum
621 2876 699 2920 suae
722 2855 840 2921 aetatis
864 2878 936 2921 cum
964 2856 1078 2940 primis
1102 2876 1303 2939 comparare·

127 2951 198 3030 tur,
227 2945 284 3011 sed
312 2967 353 3009 ne
382 2946 421 3009 de
448 2945 626 3009 maioribus
635 2940 662 3030 2)
692 2943 822 3029 quidem
846 2945 1015 3030 quisquam
1045 2947 1303 3028 anteponeretur.

129 3034 302 3119 Nusquam
330 3035 425 3117 eulpa
452 3033 537 3097 male
564 3054 634 3097 rem
662 3033 777 3116 gessit,
805 3037 996 3119 tantumque
1025 3034 1163 3099 consilio
1192 3034 1337 3118 valuit,a

129 3129 167 3188 ut
194 3124 298 3188 multa
322 3124 355 3186 in
377 3144 412 3186 re
440 3122 574 3186 militari
598 3121 719 3206 partim
741 3143 827 3186 nova
855 3121 1001 3187 attulerit
1023 3124 1141 3206 partim
1167 3123 1300 3187 meliora

128 3211 249 3277 fecerit.
294 3208 443 3296 Namque
475 3210 638 3295 pedestria
670 3232 760 3274 arma
791 3211 938 3276 mutavit.
983 3209 1065 3277 Cum
1097 3215 1171 3276 ante
1208 3211 1336 3275 illuma

129 3301 363 3385 imperatorem
386 3301 536 3364 maximis
559 3298 687 3383 clipeis,
709 3299 860 3364 brevibus
883 3300 1001 3380 hastis,
1024 3300 1159 3365 minutis
1183 3299 1302 3385 gladiis

168 3491 204 3564 ⁸⁴)
232 3491 282 3548 Bei
300 3490 419 3547 blossem
437 3488 531 3560 Bezug
553 3489 606 3545 auf
620 3491 689 3558 V,3
744 3491 918 3546 bestimmtas
933 3492 1055 3547 Gerdcht
1068 3490 1226 3546 verbreitet.
1242 3491 1299 3546 Der

129 3564 225 3618 wurde
267 3580 352 3633 supra
393 3564 465 3617 statt
504 3562 570 3617 ante
607 3578 690 3632 saepe
742 3562 891 3617 Ausdruck
904 3563 1006 3633 gehtrt
1019 3560 1300 3631 derVulgarsprache

129 3637 238 3690 stehen.
273 3633 339 3704 Vgl.
362 3632 458 3704 Pelop.
482 3632 532 3702 Iv,
553 3638 577 3688 1.
614 3632 690 3687 Aber
743 3649 789 3702 an,
807 3633 976 3702 uenigstens
994 3633 1034 3686 im
1053 3631 1147 3688 Aktiv.

128 3706 172 3760 Ne
194 3722 225 3760 os
260 3705 372 3760 beaieht
403 3705 464 3759 sich
495 3704 546 3758 aul
577 3703 689 3759 irfihere
781 3705 801 3774 ¹)
818 3703 893 3758 Disc.
904 3703 961 3758 mil.
975 3705 1014 3757 ist
1028 3702 1088 3758 hier
1099 3703 1178 3758 nicht
1187 3700 1299 3773 Kriags-

7 3788 9 3797 ’
127 3723 324 3846 hulserungen
347 3775 440 3830 ausser
461 3773 567 3830 diesem
585 3773 689 3829 Buche.
742 3775 833 3842 sucht,
846 3775 967 3829 sondern
975 3773 1171 3856 Kriegslsunst,
1186 3773 1299 3831 Takrit.

168 3846 202 3917 ⁸⁸)
221 3846 462 3902 Wahrscheinlich
477 3845 553 3901 einer
566 3861 621 3900 von
635 3846 689 3900 den
742 3845 795 3900 Die
810 3844 921 3901 Thaten
937 3845 986 3900 des
999 3844 1100 3916 Iphicr.
1116 3862 1209 3900 waren
1228 3863 1300 3901 zuar

128 3917 281 3989 praelectis
300 3917 456 3974 custodum.
742 3917 883 3983 illustres,
919 3917 987 3972 aber
1025 3916 1106 3972 nicht
1146 3916 1300 3987 eigentlirh

167 3989 202 4060 Μ)
222 3988 289 4044 Dies
307 3989 346 4044 ist
363 3988 443 4043 nicht
460 3984 689 4043 blolsereder-
743 4004 790 4042 ma
829 4003 862 4042 ae
870 3987 1299 4058 (vorweittragendenFolgen)‚

128 4060 247 4129 holung.
283 4059 393 4115 Vorher
415 4076 474 4114 war
497 4078 551 4114 nur
574 4058 620 4113 ein
639 4059 690 4113 Zu·
744 4060 794 4113 we'
827 4074 857 4113 er
875 4077 928 4112 nur
945 4059 998 4114 mit
1015 4058 1234 4114 Sbldnerheeren
1255 4059 1300 4113 fiir

128 4131 320 4186 sammenlauf
357 4130 519 4201 uberhaupt
555 4131 690 4184 erw‘ahnt.
744 4129 988 4200 augenbliclsliohe
1016 4130 1132 4185 Zweeko
1163 4129 1299 4199 ktmpfte,

128 4203 195 4257 Nun
217 4202 289 4256 uird
312 4201 395 4255 hinnu
416 4201 508 4271 efngt,
533 4200 594 4256 dals
618 4201 691 4255 auch
745 4202 818 4256 ohne
837 4200 1017 4256 Staatsmann
1036 4219 1071 4255 au
1090 4201 1158 4256 sein.

128 4273 258 4328 Freunde
282 4271 332 4327 der
350 4271 388 4326 Or
427 4290 486 4342 ung
508 4273 565 4326 und
585 4270 691 4326 Feinde
782 4271 804 4341 ²)
823 4272 910 4326 Nicht
927 4275 1006 4340 natu,
1023 4272 1143 4327 eoadem
1156 4270 1250 4326 aetate
1267 4289 1301 4325 au

124 4342 691 4484 jeqqqieqaltthqthtqrbeigeeiltqaren.
745 4349 896 4425 erganaen,
919 4359 953 4468 sq
972 4342 1036 4397 dale
1062 4341 1122 4397 also
1147 4340 1302 4397 maioribus

243 4431 345 4485 nangs
380 4432 397 4470 a
455 4432 494 4468 sie
524 4431 576 4469 nur
586 4431 631 4468 em
640 4432 691 4469 un·
746 4441 780 4460 =
799 4429 935 4485 superiori
954 4430 996 4467 us.
