3028 4908
207 178 250 242 36
687 174 721 231 X.
750 174 847 230 DION.
871 182 896 231 9.

208 340 347 405 nesciret
371 343 404 402 et
422 359 576 422 quorsum
596 338 769 404 evaderent
787 336 925 423 timeret,
948 335 1116 420 Callippus
1135 335 1275 420 quidam,
1298 336 1380 403 civis
1490 352 1494 359 '

209 427 432 509 Atheniensis,
462 428 518 511 qui
548 426 644 492 simul
674 448 747 492 cum
777 448 815 492 eo
847 449 885 490 ex
914 426 1136 510 Peloponneso
1168 426 1204 490 in
1233 423 1382 490 Siciliam

208 520 357 603 venerat,
383 516 480 581 homo
504 520 537 580 et
560 516 695 581 callidus
718 519 750 579 et
774 516 814 580 ad
837 515 984 580 fraudem
1015 510 1188 601 acutus²⁶)‚
1216 515 1285 578 sine
1312 514 1383 578 ulla

172 624 188 673 a
208 607 365 691 religione
379 626 416 669 ac
434 604 505 688 fide,
520 603 588 671 adit
606 606 646 670 ad
660 604 801 669 Dionem
820 608 854 669 et
873 603 933 669 ait:
957 625 1030 668 eum
1048 624 1167 688 magno
1187 599 1380 688 periculo²⁷)

208 717 279 761 esse
302 699 435 778 propter
454 694 665 759 offensionem
688 694 801 777 populi
820 691 981 758 etodium
1005 692 1156 775 militum,
1178 691 1263 777 quod
1285 691 1381 756 nullo

208 783 304 848 modo
329 782 450 846 evitare
477 786 600 866 posset,
623 782 689 848 nisi
712 781 811 848 alicui
840 802 971 847 suorum
1003 781 1171 865 negotium
1195 781 1300 862 daret,
1324 780 1382 864 qui

208 894 243 936 se
266 871 433 936 simularet
454 869 505 935 illi
527 870 701 937 inimicum.
733 869 836 945 Quem
856 870 883 934 si
901 869 1081 939 invenisset
1098 869 1262 951 idoneum,
1284 868 1382 933 facile

209 960 354 1026 omnium
377 958 503 1024 animos
527 960 733 1045 cogniturum
757 959 1023 1043 adversariosque
1047 957 1267 1036 sublaturum,
1292 956 1382 1041 quod

174 1046 331 1114 sinimici
359 1048 443 1112 idem
472 1048 625 1115 sentienti
653 1070 729 1113 suos
757 1069 869 1112 sensus
898 1048 1042 1131 aperturi
1072 1047 1189 1112 forent
1235 1044 1382 1112 Consilio

210 1138 346 1221 probato
370 1136 492 1220 excipit
513 1138 573 1202 has
596 1140 705 1221 partes
728 1137 799 1222 ipse
823 1135 990 1220 Callippus
1014 1140 1047 1201 et
1070 1157 1104 1200 se
1127 1139 1234 1200 armat
1261 1136 1383 1219 impru-

209 1226 322 1292 dentia,
347 1224 473 1290 Dionis.
517 1225 668 1310 Namque
700 1225 741 1289 ad
769 1247 843 1289 eum
874 1223 1134 1290 interficiundum
1167 1219 1271 1288 socios
1305 1244 1380 1288 con·

173 1331 191 1379 4
210 1314 318 1399 quirit,
341 1313 542 1378 adversarios
562 1316 630 1379 eius
650 1315 810 1399 convenit,
828 1314 1083 1379 coniurationem
1102 1312 1283 1378 confirmat.
1315 1311 1381 1377 Res

171 1458 173 1463 ⁴
209 1403 323 1467 multis
341 1402 478 1469 consciis
499 1404 585 1467 elata
605 1401 747 1469 defertur
765 1402 805 1466 ad
820 1403 1079 1486 Aristomachen,
1093 1422 1239 1466 sororem
1252 1400 1382 1484 Dionis,

209 1488 404 1576 uxoremque
419 1490 551 1556 Areten.
577 1491 657 1556 Illae
670 1493 787 1557 timore
807 1490 998 1574 perterritae
1018 1485 1269 1577 conveniunt²⁸)‚
1288 1488 1381 1554 ouius

175 1580 250 1647 ads
272 1579 416 1665 periculo
439 1581 608 1645 timebant.
654 1580 701 1645 At
722 1581 780 1644 ille
806 1583 907 1664 negat
929 1602 949 1644 a
973 1577 1123 1663 Collippo
1146 1579 1218 1643 lieri
1245 1578 1308 1643 sibi
1330 1579 1381 1642 in·

211 1669 320 1753 sidias‚
343 1668 399 1733 sed
421 1668 487 1751 illa,
511 1690 593 1753 quae
618 1673 801 1755 agerentur,
822 1668 893 1733 fieri
916 1672 1089 1752 praecepto
1114 1689 1181 1732 suo.
1226 1666 1380 1732 Mulieres

209 1757 313 1822 nihilo
346 1757 446 1820 setius
479 1754 662 1841 Callippum
697 1758 732 1821 in
762 1756 873 1821 aedem
905 1755 1118 1841 Proserpinae
1150 1756 1313 1820 deducunt
1344 1777 1382 1821 ac

210 1845 316 1914 iurare
336 1848 455 1931 cogunt
473 1844 556 1909 nihil
576 1869 595 1910 a
614 1868 648 1910 se
667 1846 800 1929 periculi
818 1845 887 1910 fore
906 1844 1015 1912 Dioni.
1054 1844 1124 1921 Qua
1147 1845 1203 1909 ille
1223 1844 1382 1929 religione

210 1956 277 1999 non
306 1933 403 1998 modo
433 1955 500 1998 non
530 1933 715 2019 deterritus,
744 1934 799 1999 sed
828 1935 869 1999 ad
892 1933 1121 1999 maturandum
1150 1932 1276 1999 facinus
1307 1954 1381 1997 con·

212 2023 329 2174 <scitatus
358 2027 420 2105 est,
447 2022 600 2106 ueprius
628 2023 799 2088 consilium
828 2023 1019 2107 aperiretur,
1049 2044 1145 2107 quam
1169 2026 1286 2088 conata
1314 2043 1383 2105 per·-

226 2111 350 2175 scisset.

176 2218 191 2266 1
298 2196 355 2264 lx
396 2196 467 2263 Hac
495 2204 602 2265 mente
628 2201 777 2286 proximo
800 2200 853 2265 die
874 2200 972 2284 festo,
1001 2221 1073 2264 cum
1097 2222 1116 2265 a
1139 2221 1213 2264 con·
1245 2200 1287 2279 [a.
1303 2199 1382 2280 353]

211 2290 310 2355 ventu
334 2309 368 2352 se
391 2293 552 2354 remotum
575 2289 660 2355 Dion
685 2290 772 2354 domi
794 2292 919 2354 teneret
942 2294 1038 2372 atque
1065 2290 1100 2353 in
1123 2287 1270 2353 conclavi
1293 2287 1381 2352 edito

210 2377 424 2460 recubuisset,
453 2379 591 2444 consciis
623 2378 778 2443 facinoris
811 2378 883 2443 loca
914 2378 1092 2442 munitiora
1123 2376 1233 2462 oppidi
1264 2376 1383 2442 tradit:

210 2466 341 2531 domum
371 2466 559 2533 custodibus
590 2467 696 2552 saepit
725 2466 958 2532 coniurationis
987 2466 1111 2551 ignaris
1120 2462 1175 2552 ⁹⁹),
1205 2487 1225 2529 a
1252 2465 1382 2530 foribus

176 2554 266 2638 aqui
293 2575 362 2619 non
388 2553 568 2640 discedant,
596 2558 700 2621 certos
724 2556 763 2620 de
791 2556 859 2620 suis
886 2555 1047 2639 praeficit:
1078 2577 1193 2620 navem
1215 2554 1384 2618 triremem

212 2643 345 2709 armatis
365 2649 462 2710 ornat
475 2644 857 2730 Philostratoque‚·iratri
876 2666 945 2727 suo,
963 2644 1064 2710 tradit
1077 2665 1212 2728 eamque
1230 2641 1265 2707 in
1285 2646 1383 2726 portu

212 2732 338 2815 agitare
365 2730 469 2816 iubet,
495 2734 586 2798 velut
613 2735 641 2798 si
670 2754 817 2798 exercere
845 2733 984 2819 remiges
1008 2733 1118 2818 vellet,
1146 2733 1175 2796 si
1197 2731 1282 2796 forte
1306 2753 1383 2796 con-

212 2820 291 2887 siliis
311 2819 491 2887 obstitisset
509 2822 649 2906 fortuna,
671 2827 708 2886 ut
725 2822 869 2906 haberet,
889 2844 951 2906 qua
973 2822 1102 2907 fugeret
1121 2821 1162 2886 ad
1187 2816 1384 2906 salutem³⁰).

176 2925 193 2976 8
213 2904 397 2992 suorumffl)
416 2912 524 2974 autem
544 2932 561 2974 e
579 2932 713 2976 numero
728 2907 969 2996 Zacynthios³2)
989 2912 1209 2977 adulescentes
1224 2908 1383 2993 quosdam

212 2997 303 3082 eligit
330 3016 404 3060 cum
432 2999 663 3064 audacissimos
690 3006 760 3063 tum
783 2999 907 3065 viribus
930 2999 1093 3076 maximis,
1115 2999 1220 3082 iisque
1243 2997 1301 3062 dat
1328 3018 1383 3062 nc-

212 3086 348 3171 gotium,
366 3085 407 3149 ad
420 3086 560 3152 Dionem
578 3093 655 3152 eant
671 3088 819 3171 inermes,
839 3087 885 3152 sic
903 3091 940 3154 ut
958 3087 1172 3153 conveniendi
1186 3087 1255 3152 eius
1275 3085 1383 3172 gratia

177 3172 396 3241 lvidcrentur
417 3177 535 3242 venire.
581 3175 644 3252 Qui
671 3179 805 3261 propter
828 3177 979 3242 not’tiam
1002 3198 1022 3241 a
1044 3176 1231 3241 custodibus
1241 3172 1281 3260 33)
1306 3177 1385 3240 sunt

211 3262 400 3335 intromissi.
428 3266 475 3330 At
492 3266 540 3330 illi
558 3271 595 3329 ut
614 3265 712 3331 limen
730 3264 905 3349 intrarunt,
923 3266 1048 3330 foribus
1068 3265 1226 3330 obseratis
1245 3264 1280 3327 in
1298 3264 1382 3329 lecto

248 3417 285 3488 ¹⁶)
304 3417 428 3476 Callidus
443 3421 529 3477 durch
544 3409 655 3491 llbuug,
669 3425 768 3477 acutus
859 3422 893 3491 ³¹)
915 3421 968 3475 Die
987 3423 1148 3476 erathnten
1170 3420 1301 3501 custodes
1329 3421 1384 3477 mit

212 3491 384 3630 wioNiiid'
402 3582 437 3619 au
455 3564 511 3619 cat
533 3562 558 3617 v
583 3571 599 3620 a
820 3493 983 3618 illidii
1002 3492 1077 3617 iiiii
1100 3491 1384 3619 illidiumiidiild

250 3631 285 3703 ²⁸)
305 3632 362 3689 Das
376 3603 481 3706 ijelrt
498 3605 630 3691 aus’dein
644 3633 768 3690 Relatis-
822 3636 925 3690 nahme
961 3581 1010 3689 dags
1041 3633 1228 3689 Philostratus
1260 3633 1383 3690 wulsten

214 3704 291 3756 satae
307 3722 348 3784 'au
371 3713 519 3775 agemon,
545 3707 595 3762 wie
616 3705 665 3776 IX,
685 3713 701 3762 5
720 3707 769 3761 der
822 3706 914 3761 nichts
934 3722 989 3761 von
1007 3705 1056 3760 der
1070 3705 1301 3775 Verschwbrung.
1326 3704 1384 3760 Da·

214 3772 341 3828 Genetrv.
377 3775 487 3832 Ebenso
506 3777 569 3833 Dat.
590 3777 623 3845 V,
643 3784 666 3832 1.
822 3778 872 3831 her
890 3776 968 3831 diese
988 3776 1200 3845 Wortstellung.

250 3843 286 3912 ¹⁹)
305 3843 389 3900 Diese
403 3847 503 3903 sollten
518 3866 571 3901 nur
581 3850 648 3903 daza
660 3848 769 3916 dienen
861 3883 872 3914 a

214 3915 268 3969 den
286 3913 360 3970 Dion
378 3935 411 3970 au
428 3917 570 3988 isolieren,
595 3920 653 3974 und
671 3920 787 3974 hatten·
875 3882 895 3964 ¹)
924 3882 985 3937 V⁰¹¹
1006 3882 1165 3952 2⁸⁰5¹¹lh¹¹⁸
1182 3899 1240 3938 W
1263 3881 1309 3937 (³50
1327 3881 1383 3936 Εἴ·

214 3986 270 4039 den
296 3986 429 4058 Aufmg,
456 3989 559 4045 heim
582 3990 771 4044 Bmffilmn
823 3954 952 4024 pedition
966 3971 1013 4007 aur
1028 3952 1178 4023 Befreiung
1190 3960 1246 4007 ron
1261 3953 1382 4022 Syracus

215 4055 395 4114 einaulassen
420 4058 552 4141 Zugleich
567 4062 694 4116 erschien
708 4060 770 4115 Cal·
824 4040 1030 4095 ausgegmgen'

213 4126 308 4198 lippus
333 4128 421 4184 durch
448 4131 524 4186 dress
549 4131 701 4201 Malsregel
728 4133 770 4186 als
860 4130 895 4200 88)
914 4129 971 4185 Der
988 4131 1088 4186 Zusata
1106 4147 1124 4185 a
1142 4130 1304 4187 custodibus
1323 4148 1383 4187 war

213 4198 323 4253 Preund
343 4201 392 4255 des
409 4199 491 4255 Dion.
823 4202 915 4273 uttig,
934 4202 1024 4256 damit
1047 4202 1139 4257 atilli
1162 4204 1205 4257 als
1223 4201 1381 4270 Gegensata

252 4269 287 4340 ³⁰)
306 4271 558 4341 Vulgtrausdruek.
582 4272 646 4343 Vgl.
662 4271 719 4328 Cic.
733 4274 769 4326 ad
823 4273 952 4328 Klarheit
973 4278 1116 4343 gewonne.
1153 4273 1234 4328 Auoh
1258 4278 1278 4347 ς,
1297 4279 1314 4326 6
1338 4272 1383 4328 illi

214 4338 273 4395 Att.
287 4341 336 4410 111,
352 4348 398 4397 19:
417 4343 586 4399 adsalutem
601 4343 769 4415 proficiscar.
823 4342 878 4413 ipsi
897 4346 1026 4399 cusmdes
1044 4343 1115 4399 wird
1135 4362 1165 4399 so
1184 4344 1284 4400 lrlarer.
