3028 4908
578 207 739 264 ATTIOUS.
764 215 886 264 16-18.
1273 209 1316 273 93

145 371 233 456 quod
264 375 430 456 praestare
461 392 526 435 non
557 375 699 454 possent.
744 369 833 434 Idem
865 370 900 434 in
931 370 1065 455 tuendo,
1097 372 1183 456 quod
1216 374 1352 437 semela

146 460 327 544 adnuisset,
354 463 449 524 tanta
471 464 542 524 erat
564 481 654 542 cura,
677 464 800 524 utnon
827 460 1027 542 mandatam,
1054 461 1110 524 sed
1133 483 1225 526 suam
1248 483 1316 526 rem

144 548 310 613 videretur
336 568 443 633 agere.
487 547 675 632 Numquam
703 548 843 631 suscepti
875 549 999 632 negotii
1032 571 1104 613 eum
1131 553 1316 634 pertaesum

147 640 210 702 cst:
234 659 325 702 suam
345 638 431 701 enim
454 637 727 702 existimationem
746 637 780 700 in
804 658 842 702 ea
859 659 894 701 re
913 638 969 720 agi
987 639 1134 722 putabat,
1153 661 1217 722 qua
1234 638 1317 703 nihil

144 726 289 790 habebat
312 726 427 790 carius.
464 723 534 800 Quo
552 725 654 790 fiebat
671 729 709 790 ut
728 725 837 790 omnia
855 724 1055 806 Ciceronum,
1069 725 1112 791 M.
1126 724 1318 813 Catonis⁴⁶),
1336 741 1352 788 3

147 813 183 890 Q.
206 813 391 897 Hortensii,
418 812 458 878 A.
481 813 651 898 Torquati,
683 813 861 878 multorum
887 819 1054 898 practerea
1081 816 1225 899 equitum
1252 817 1317 881 Ro·

146 925 316 968 manorum
348 904 482 987 negotia
509 906 707 986 procuraret.
751 902 803 967 Ex
830 925 893 987 quo
921 903 1057 968 iudicari
1089 907 1218 987 poterat
1249 926 1316 969 non

145 993 264 1056 inertia
287 1012 370 1072 eum,
393 991 448 1056 sed
472 990 592 1056 iudicio
615 991 739 1075 fugisse
762 991 980 1076 reipublicae
1003 995 1272 1075 procurationem.

235 1080 322 1145 XVI.
345 1078 567 1145 Humanitatis
586 1101 662 1145 vero
682 1081 807 1145 nullum
826 1080 951 1145 adferre
969 1082 1074 1145 maius
1092 1082 1316 1147 testimonium
1338 1096 1351 1142 1

147 1191 294 1253 possum,
323 1190 421 1253 quam
449 1169 535 1253 quod
562 1168 749 1233 adulescens
777 1169 862 1233 idem
891 1170 960 1233 seni
984 1167 1091 1234 Sullae
1121 1170 1185 1234 fuit
1206 1171 1317 1235 iucun-

145 1257 311 1337 dissimus,
339 1278 437 1322 senex
464 1257 663 1322 adulescenti
685 1256 729 1322 M.
752 1256 869 1341 Bruto,
899 1279 973 1323 cum
997 1259 1183 1342 aequalibus
1207 1263 1316 1324 autem

85 1400 88 1405 .
148 1346 216 1410 suis
240 1345 277 1422 Q.
291 1346 466 1411 Hortensio
490 1350 523 1411 et
540 1344 583 1410 M.
598 1344 753 1411 Cicerone
778 1347 824 1411 sic
846 1347 940 1427 vixit,
963 1352 1000 1410 ut
1021 1347 1162 1412 iudicare
1186 1347 1316 1412 difficile

146 1435 204 1518 sit,
231 1435 285 1500 cui
312 1436 413 1500 aetati
440 1434 537 1500 fuerit
572 1435 769 1519 aptissimus.
814 1434 1017 1518 Quamquam
1045 1458 1118 1501 cum
1145 1437 1351 1522 praecipue2

144 1523 260 1588 dilexit
286 1521 413 1606 Cicero,
444 1528 482 1589 ut
513 1544 554 1587 ne
584 1523 686 1589 frater
714 1523 843 1607 quidem
871 1524 902 1587 ei
930 1522 1068 1600 Quintus
1096 1525 1202 1590 carior
1229 1531 1317 1590 esset

145 1616 204 1677 aut
236 1612 437 1677 familiarior.
482 1612 524 1677 Ili
557 1612 604 1677 rei
636 1614 711 1677 sunt
742 1613 861 1677 indicio
888 1616 1017 1696 praeter
1048 1635 1102 1678 eos
1130 1615 1247 1693 libros,
1281 1616 1350 1678 inu

145 1702 263 1786 quibus
292 1702 331 1765 de
355 1722 392 1765 eo
416 1700 496 1766 facit
523 1702 735 1785 mentionem,
766 1701 822 1785 qui
844 1702 879 1765 in
901 1703 1017 1786 vulgus
1041 1705 1117 1766 sunt
1140 1703 1231 1787 editi,
1258 1725 1316 1767 un·

145 1787 295 1877 deoim⁴⁷)
323 1791 489 1854 volumina
516 1792 743 1874 epistularum,
775 1790 816 1854 ab
845 1790 1016 1855 consulatu
1044 1790 1112 1855 eius
1145 1806 1247 1875 usque
1276 1791 1318 1856 ad

146 1881 326 1943 extremum
348 1881 478 1963 tempus
501 1879 542 1943 ad
564 1879 710 1944 Atticum
734 1879 922 1944 missarum:
944 1901 1026 1963 quac
1050 1879 1105 1964 qui
1128 1881 1225 1964 legat,
1249 1901 1317 1945 non

146 1967 286 2031 multum
305 1966 465 2031 desideret
487 1971 673 2032 contextam
691 1967 823 2031 illorum
845 1971 1028 2052 temporum
1046 1968 1227 2033 historiam.
1264 1968 1316 2034 Sic
1335 1980 1352 2027 4

147 2055 234 2119 enim
257 2056 366 2120 omnia
394 2055 432 2120 de
456 2055 571 2120 studiis
594 2056 792 2139 principum,
814 2056 902 2121 vitiis
926 2057 1058 2135 ducum,
1081 2058 1317 2123 mutationibus

145 2145 194 2208 rei
217 2144 367 2228 publicae
393 2145 574 2228 perscripta
602 2148 691 2228 sunt,
718 2150 755 2208 ut
776 2144 860 2208 nihil
888 2145 922 2208 in
951 2146 991 2209 iis
1014 2166 1082 2209 non
1105 2150 1261 2229 appareat
1284 2151 1318 2211 et

144 2232 239 2298 facile
268 2233 447 2298 existImari
474 2234 579 2317 possit
604 2234 810 2316 prudentiam
842 2233 982 2317 quodam
1011 2234 1106 2298 modo
1139 2256 1209 2298 esse
1238 2234 1316 2300 divi-

145 2324 321 2387 nationem.
358 2322 433 2387 Non
452 2323 537 2386 enim
552 2319 663 2387 Oioero
683 2343 722 2386 ea
741 2322 854 2406 solum,
874 2343 956 2405 quae
974 2322 1048 2386 vivo
1068 2344 1102 2387 se
1121 2324 1317 2406 acciderunt,

144 2411 255 2475 futura
286 2410 459 2495 praedixit,
493 2410 548 2475 sed
581 2411 679 2475 etiam
712 2432 794 2494 quae
827 2431 912 2476 nunc
944 2433 1004 2475 usu
1036 2411 1170 2476 veniunt
1202 2413 1317 2477 cecinit

145 2503 183 2564 ut
204 2506 304 2565 vates.

235 2588 340 2653 XVII.
369 2588 418 2653 De
441 2588 564 2671 pietate
587 2592 694 2653 autem
714 2587 815 2652 Attici
835 2587 910 2671 quid
929 2589 1023 2672 plura
1047 2590 1317 2654 commemorem?
1338 2601 1351 2647 1

147 2698 220 2741 curn
243 2677 305 2742 hoc
328 2678 363 2741 in
385 2677 498 2741 funere
522 2677 635 2740 matris
660 2698 746 2760 suae,
765 2698 861 2759 quam
882 2677 997 2740 extulit
1021 2697 1179 2741 annorum
1204 2679 1244 2758 [a.
1259 2678 1316 2760 42]

146 2766 338 2851 nonaginta,
356 2764 519 2849 cumipse
538 2768 624 2829 esset
643 2770 765 2848 septem
785 2768 817 2828 et
836 2765 1016 2849 sexaginta,
1029 2787 1104 2830 vere
1122 2766 1318 2849 gloriantem

149 2853 320 2938 audierim,
349 2876 383 2919 se
406 2876 582 2938 numquam
610 2876 682 2918 cum
710 2857 814 2918 matre
843 2855 877 2917 in
900 2854 1040 2937 gratiam
1062 2854 1200 2940 redisse,
1226 2877 1317 2920 num·

148 2965 245 3026 quam
268 2966 341 3008 cum
369 2964 480 3009 sorore
510 2942 611 3007 fuisse
633 2943 668 3006 in
695 2942 872 3007 simultate.
918 2941 1010 3017 Quod
1034 2946 1084 3007 est
1111 2944 1239 3028 signum
1263 2948 1354 3009 auta

146 3032 272 3097 nullam
295 3054 449 3118 umquam
467 3032 553 3096 inter
576 3053 631 3097 cos
654 3032 889 3115 querimoniam
907 3031 1138 3114 intercessisse,
1160 3037 1217 3097 aut
1234 3032 1319 3098 hunc

148 3142 187 3184 ea
208 3122 308 3186 fuisse
336 3122 371 3186 in
395 3142 470 3186 suos
498 3122 713 3205 indulgentia,
735 3124 786 3204 ut,
814 3142 894 3205 quos
920 3141 1026 3184 amare
1050 3121 1194 3205 deberet,
1222 3123 1319 3187 irasci

147 3209 188 3273 iis
211 3209 302 3274 nefas
330 3209 469 3274 duceret.
513 3208 627 3293 Neque
655 3210 687 3273 id
717 3209 795 3274 fecit
821 3213 940 3273 natura
967 3211 1085 3288 solum,
1116 3211 1167 3274 cui
1191 3211 1354 3294 quideme

148 3318 261 3362 omnes
292 3319 458 3382 paremus,
489 3297 545 3362 scd
578 3298 676 3362 etiam
705 3298 865 3363 doctrina:
897 3320 974 3361 narn
1003 3298 1185 3382 principum
1213 3299 1319 3382 philo-

123 3386 327 3470 sophorum
359 3388 407 3449 ita
436 3391 586 3470 percepta
621 3387 738 3450 habuit
773 3390 961 3470 praecepta,
998 3389 1035 3451 ut
1065 3388 1105 3451 iis
1138 3387 1179 3451 ad
1217 3388 1318 3452 vitam

148 3475 318 3560 agendam,
341 3496 405 3540 non
431 3473 471 3539 ad
495 3475 746 3540 ostentationem
770 3478 923 3539 uteretur.

236 3563 357 3628 XVIII.
392 3562 493 3627 Moris
517 3565 615 3629 etiam
638 3566 796 3629 maiorum
816 3586 960 3628 summus
982 3563 1129 3629 imitator
1151 3563 1215 3627 fuit
1237 3565 1353 3629 anti-1

149 3653 346 3739 quitatisque
366 3655 504 3717 amator:
533 3675 629 3737 quam
649 3655 727 3718 adeo
748 3653 922 3738 diligenter
939 3651 1055 3716 habuit
1080 3654 1260 3737 cognitam,
1284 3657 1321 3717 ut

150 3763 221 3806 eam
231 3745 335 3807 totam
349 3742 384 3806 in
399 3763 436 3806 eo
449 3743 612 3806 volumine
628 3743 821 3826 exposuerit,
832 3763 895 3826 quo
910 3742 1121 3827 magistratus
1137 3740 1320 3829 ornavit⁴⁸).

186 3879 221 3949 ⁴⁰)
241 3879 298 3934 Der
312 3881 372 3935 sich
384 3882 424 3935 im
438 3880 522 3935 Jahre
532 3886 567 3935 46
582 3880 610 3934 in
625 3878 708 3935 Utica
761 3880 811 3934 des
838 3879 963 3947 Atticus,
996 3879 1058 3935 eine
1086 3878 1209 3935 Chronilr
1234 3881 1321 3936 Roma

148 3952 246 4006 toute
762 3951 830 4075 3ng
849 3950 906 4007 cio.
925 3952 1002 4006 Brut.
1023 3957 1038 4017 ὅ
1057 3956 1089 4005 11
1105 3951 1170 4022 flg).
1208 3951 1244 4006 Es
1262 3968 1322 4006 war

424 4058 431 4069 ·
574 4058 579 4070 ·
781 4021 793 4074 i
845 4023 873 4075 n'
891 4022 925 4075 ht
965 4027 971 4037 '
1054 4022 1098 4075 ls
1188 4022 1214 4075 fa
1266 4040 1282 4075 u

148 4055 709 4193 ..insanaeaaran
762 4038 822 4147 ..o
837 4023 1321 4164 fissttdlloss'tttrttt

150 4198 276 4253 datieren
295 4198 335 4253 sie
353 4199 432 4253 nicht
450 4201 507 4253 erst
525 4214 580 4252 von
598 4197 709 4254 Ciceros
762 4164 1160 4305 ξξῃῐὲἰέἑῃνὲἕζῳθὲξξῗὲὲὲθ
1171 4163 1322 4291 ἱέἰὲθῐῗξῖ

151 4269 294 4338 K⁰¹³⁸¹¹l²l’
309 4270 430 4325 ⁸⁰¹¹d⁰m
443 4268 602 4324 wm‘lahm
615 4275 649 4324 ⁶8
664 4286 708 4324 Μ’
762 4304 932 4361 Ehrenhalle
965 4309 1014 4362 der
1041 4306 1188 4363 Nobilitas.
1237 4306 1322 4361 Jenes

189 4375 224 4445 48)
244 4376 373 4432 Gemeint
390 4377 429 4431 ist
446 4377 496 4430 der
513 4375 585 4430 liber
598 4375 708 4430 annalis
761 4378 857 4432 wlirdc
877 4377 1019 4433 ordinavit
1037 4377 1185 4433 anderten.
