3028 4908
605 158 691 213 XXII.
719 156 918 211 HANNIBAL.
942 163 966 211 l.
985 162 1011 212 2.

602 429 715 501 XXII.
756 427 1024 502 HANNIBAL.

191 603 206 651 1
314 586 339 651 Ι.
376 585 610 671 Hannibalern,
631 583 828 650 Hamilcaris
850 583 967 668 filium,
990 580 1312 669 Carthaginiensem,
1337 608 1403 652 nou

226 678 276 739 est
303 675 507 738 infitiandum
534 677 628 738 tanto
655 672 859 757 praestitisse
892 676 1016 737 ceteros
1048 672 1262 756 imperatores
1270 669 1297 759 1)
1326 696 1403 758 pru·

225 763 344 844 dantia,
368 765 489 845 quanto
511 762 652 846 populus
670 760 836 825 Romanus
860 759 1031 825 antecedat
1048 759 1239 825 fortitudine
1262 765 1401 829 cunctas

189 867 206 917 2
225 851 382 915 nationes.
418 847 505 914 Nam
519 849 806 934 quotienscumque
821 868 1014 932 congressus
1029 851 1078 913 est
1096 849 1132 912 in
1145 847 1252 932 Italia,
1271 871 1404 934 semper

225 939 374 1003 discessit
406 938 561 1023 superior.
617 936 709 1013 Quod
741 936 806 1001 nisi
840 935 929 1001 domi
958 935 1077 1000 civium
1110 958 1242 1002 suorum
1275 938 1402 1005 invidia

226 1026 412 1091 debilitatus
445 1028 544 1110 esset,
572 1026 737 1090 Romanos
766 1023 892 1089 videtur
921 1045 1073 1107 superare
1101 1023 1290 1112 potuisse²).
1336 1025 1401 1092 Sed

226 1115 401 1179 multorum
426 1113 620 1180 obtrectatio
644 1112 760 1178 devicit
783 1113 878 1177 unius
901 1113 1065 1177 virtutem.

192 1220 206 1267 1
313 1201 356 1269 Π.
393 1202 568 1267 Paternum
592 1205 700 1266 autem
722 1202 757 1267 in
779 1200 947 1266 Romanos
970 1200 1081 1265 odium
1104 1200 1193 1265 velut
1214 1200 1399 1268 hereditate

225 1291 375 1356 relictum
403 1292 449 1356 sic
478 1290 692 1372 conservarit,
719 1295 756 1355 ut
782 1290 871 1374 prius
901 1288 1042 1353 animam
1069 1310 1167 1372 quam
1194 1289 1275 1354 illud
1300 1289 1400 1375 depo·

226 1380 340 1462 suerit,
377 1380 432 1463 qui
468 1379 611 1463 quidem,
647 1400 721 1443 cum
757 1378 864 1462 patria
899 1373 1046 1463 pulsus³)
1083 1377 1263 1441 alienarum
1300 1400 1400 1463 opum

225 1468 396 1552 indigeret,
426 1489 603 1552 numquam
637 1466 799 1532 destiterit
831 1466 941 1530 animo
973 1465 1096 1530 bellare
1129 1486 1201 1530 cum
1228 1465 1400 1536 Romanis.

189 1572 205 1620 2
225 1554 312 1621 Nam
334 1559 371 1620 ut
394 1556 544 1621 omittam
567 1551 799 1640 Philippum4),
830 1575 925 1639 quem
949 1554 1065 1618 absens
1089 1553 1217 1618 hostem
1240 1553 1399 1621 Romanis

225 1644 375 1728 reddidit,
390 1644 535 1709 omnium
554 1644 619 1708 illis
638 1642 840 1728 temporibus
853 1642 1098 1727 potentissimus
1116 1641 1399 1730 rexAntiochus⁶)

225 1732 298 1796 fnit
334 1732 429 1796 Hunc
446 1735 540 1797 tanta
557 1731 734 1815 cupiditate
752 1731 896 1796 incendit
914 1731 1064 1812 bellandi,
1087 1733 1124 1794 ut
1142 1752 1243 1815 usque
1262 1752 1281 1795 a
1299 1733 1399 1798 rubro

193 1821 311 1884 smari
334 1841 425 1884 arma
447 1824 583 1884 conatus
611 1819 654 1882 sit
675 1818 792 1882 inferre
811 1818 936 1883 Italiae.
973 1817 1025 1882 Ad
1044 1839 1139 1901 quem
1158 1840 1232 1882 curn
1255 1820 1298 1900 [a.
1318 1821 1398 1903 192]

227 1907 329 1993 legati
356 1906 521 1971 venissent
545 1906 699 1987 Romani,
732 1907 788 1991 qni
820 1906 859 1970 de
892 1906 960 1970 eius
993 1907 1163 1971 voluntate
1193 1908 1401 1990 explorarent
1496 1926 1497 1947 ¹

228 1995 405 2078 darentque
438 2016 570 2078 operam
606 1994 753 2059 consiliis
786 1994 1011 2077 clandestinis,
1043 2000 1080 2058 ut
1110 1994 1332 2061 Hannibalem
1364 1998 1400 2061 in

228 2083 445 2166 suspicionem
468 2084 540 2167 regi
563 2082 767 2166 adducerent,
789 2104 894 2167 neque
917 2083 950 2147 id
973 2081 1096 2147 frustra
1117 2082 1285 2168 fecissent,
1309 2084 1400 2149 Han·
1496 2128 1497 2135 κ

227 2170 328 2256 nibal,
349 2171 406 2236 ubi
429 2171 463 2235 id
481 2172 640 2256 comperit
658 2193 755 2256 seque
774 2171 816 2236 ab
835 2166 1043 2237 interioribus
1061 2171 1206 2236 consiliis
1231 2174 1399 2256 segregari

192 2260 322 2344 cridit,
351 2262 497 2344 tempore
521 2261 596 2324 dato
620 2260 701 2324 adiit
725 2260 764 2323 ad
787 2280 912 2345 regem,
936 2258 1027 2344 eique
1050 2280 1122 2323 cum
1146 2259 1251 2323 multa
1274 2259 1400 2326 deiide
1496 2318 1497 2337 ,

229 2370 287 2413 sua
310 2352 344 2412 et
366 2348 440 2413 odio
463 2348 498 2411 in
520 2348 687 2413 Romanos
710 2351 1004 2431 commemorasset,
1026 2348 1089 2412 hoc
1110 2347 1270 2412 adiunxit:
1295 2348 1400 2432 ‘pater

227 2435 340 2521 meus',
371 2436 490 2520 inquit,
522 2434 715 2520 Hamilcar,
746 2436 882 2519 puerulo
916 2456 982 2517 me,
1013 2439 1126 2519 utpote
1158 2457 1224 2500 non
1257 2438 1399 2521 amplius

225 2547 342 2590 novem
370 2547 473 2590 annos
500 2528 592 2607 nato,
618 2525 653 2588 in
676 2523 868 2608 Hispaniam
896 2524 1074 2607 imperator
1097 2520 1297 2609 Carthagine
1325 2547 1399 2608 pro·
1496 2580 1497 2595 r

190 2628 206 2676 5
225 2610 406 2696 ficiscens⁶)
425 2612 497 2678 Iovi
516 2613 641 2697 optimo
661 2613 801 2677 maximo
821 2612 946 2677 hostias
964 2611 1154 2678 immolarit.
1180 2611 1269 2688 Quae
1288 2613 1400 2678 divina

225 2723 276 2765 res
300 2702 375 2765 dum
399 2701 579 2785 conficitur,
608 2701 769 2784 quaesivit
795 2722 815 2764 a
838 2723 889 2764 me
911 2700 1071 2765 vellemne
1100 2721 1209 2766 secum
1230 2701 1267 2765 in
1289 2705 1399 2767 castra

225 2790 395 2871 proficisci.
439 2788 477 2852 Id
507 2809 581 2853 cum
612 2789 752 2853 libenter
784 2788 981 2872 accepissem
1014 2791 1111 2873 atque
1143 2789 1184 2852 ab
1217 2810 1255 2854 eo
1288 2793 1399 2873 petere

226 2877 404 2959 coepissem
425 2897 467 2940 ne
491 2898 600 2941 secum
623 2898 675 2940 me
693 2877 807 2940 ducere
831 2876 1002 2960 dubitaret,
1023 2876 1089 2960 ille,
1108 2873 1259 2961 ‘faciam',
1281 2878 1399 2962 inquit,

226 2963 267 3028 ‘si
290 2963 371 3027 mihi
397 2964 507 3043 fidem,
536 2984 633 3048 quam
656 2965 806 3048 postulo,
834 2962 980 3028 dederis'.
1025 2962 1128 3030 Simul
1156 2987 1207 3029 me
1236 2965 1277 3029 ad
1306 2988 1398 3031 aram

226 3052 371 3136 adduxit,
408 3051 490 3132 apud
528 3074 625 3137 quarn
658 3052 837 3117 sacrificare
873 3053 1074 3134 instituerat,
1111 3073 1245 3138 eamque
1282 3056 1398 3119 ceteris

98 3169 107 3186 ·
224 3141 359 3205 remotis
382 3144 548 3206 tenentem
571 3142 677 3206 iurare
700 3141 806 3224 iussit,
826 3162 1004 3225 numquam
1026 3163 1078 3205 me
1101 3142 1135 3207 in
1159 3142 1302 3206 amicitia
1324 3164 1400 3207 cum

191 3243 206 3291 6
225 3229 382 3293 Romanis
400 3229 478 3295 fore.
514 3228 553 3292 Id
571 3249 633 3312 ego
650 3229 875 3294 iusiurandum
897 3230 982 3313 patri
1002 3229 1113 3293 datum
1132 3250 1233 3314 usque
1255 3230 1295 3294 ad
1314 3231 1400 3296 hanc

227 3320 370 3383 aetatem
397 3318 444 3382 ita
471 3317 672 3401 conservari,
700 3320 738 3382 ut
759 3317 881 3382 nemini
905 3317 1038 3381 dubium
1067 3339 1137 3382 esse
1159 3317 1289 3401 debeat,
1317 3320 1398 3402 quin

224 3405 351 3491 reliquo
364 3409 510 3490 tempore
530 3405 641 3471 eadem
659 3411 768 3469 mente
787 3406 850 3470 sim
863 3405 1002 3470 futurus.
1030 3404 1136 3482 Quare
1156 3404 1274 3490 siquid
1290 3409 1398 3472 amice

226 3495 264 3558 de
287 3495 445 3560 Romanis
468 3494 639 3580 cogitabis,
662 3514 727 3558 non
750 3494 970 3578 imprudenter
992 3494 1115 3577 feceris,
1133 3494 1162 3557 si
1185 3516 1237 3558 me
1261 3495 1394 3560 celaris:

264 3703 285 3772 ¹)
303 3703 433 3758 (lemeint
455 3701 518 3757 sind
535 3720 588 3756 nur
611 3703 656 3758 die
675 3702 781 3773 gleioh·
872 3704 894 3774 ⁴)
918 3702 1013 3773 Philip
1050 3666 1099 3765 Ill,
1129 3719 1185 3757 von
1212 3702 1399 3759 Macedonian
1496 3736 1497 3759 r

224 3772 345 3842 aeitigen
359 3774 517 3828 romischen
531 3773 709 3841 Feldwren,
728 3775 780 3829 wie
833 3778 984 3828 220-1‘19.
1046 3777 1142 3844 ertrag
1169 3774 1310 3828 awiachen
1337 3775 1398 3829 ihm

224 3858 274 3897 aua
288 3843 338 3897 der
350 3843 501 3913 folgenden
513 3843 702 3914 Begrfindung
716 3845 780 3898 her·
833 3844 891 3899 und
909 3843 1051 3899 Hannibal
1068 3849 1129 3899 215.

224 3914 351 3983 '⁰180hl·
876 3932 897 3999 ⁶)
916 3931 1071 3987 Antiochus
1087 3932 1135 3987 111.
1157 3933 1208 3987 der
1225 3931 1323 3988 Grolse
1342 3950 1400 3989 von

261 4000 563 4072 ’ldleichbedeutend
591 4004 645 4056 mit
672 4019 784 4071 supera
838 4001 937 4071 Syrien
955 4007 1106 4060 uas-187.

223 4078 303 4127 iturus
320 4072 415 4128 filim.
453 4071 532 4128 Ohne
557 4073 602 4128 dle
620 4074 783 4143 Abh'dallglss·
875 4089 897 4161 θ)
919 4089 976 4146 Dap
1002 4093 1074 4160 pm·
1102 4107 1192 4162 pl'stflfl.
1221 4091 1256 4146 de
1284 4095 1398 4161 conatu,

225 4144 287 4199 keit
304 4160 360 4198 von
376 4143 489 4199 ridetur
508 4145 603 4198 wdrde
624 4160 654 4198 es
673 4143 784 4199 ainfach
836 4161 891 4217 ,50
910 4164 990 4217 ,onst
1007 4163 1057 4216 der
1069 4161 1153 4218 indie,
1172 4161 1291 4232 imperf„
1308 4163 1400 4219 findet

225 4214 520 4285 8111)(θῖίῑῦθθΗῙθῘΓθθΠ·
546 4213 611 4285 VSI·
631 4213 697 4270 ⁰⁰¹¹·
716 4215 738 4283 I,
758 4219 782 4268 3·
838 4231 898 4287 sich
917 4232 1003 4288 bitere
1025 4231 1055 4287 in
1073 4230 1184 4288 Ciceros
1201 4232 1316 4289 Briefen
1338 4234 1398 4289 und

262 4301 283 4372 ⁸)
302 4303 366 4373 Vgl.
385 4302 445 4373 Vll,
464 4308 542 4359 6-7.
837 4303 883 4358 hei
901 4302 1005 4359 Livius.
