3028 4908
508 168 595 224 XVII.
624 167 832 225 AGESILAUS.
856 176 882 228 2.
901 176 924 225 3.
1258 172 1302 238 59

128 332 257 418 licebat,
280 337 318 397 ut
341 356 435 399 suum
457 336 594 418 utraque
616 332 771 397 retineret
793 332 945 396 ordinem.
981 331 1031 397 Ac
1053 334 1194 416 primum
1217 337 1302 401 ratio

126 420 325 507 habebatur,
352 423 408 506 qui
436 423 595 487 maximus
618 425 700 485 natu
722 424 809 484 esset
832 442 870 484 ex
893 421 976 504 eius,
1006 423 1061 505 qui
1084 443 1226 508 regnans
1249 424 1302 488 de-

125 511 293 595 cessisset,
321 510 447 575 libaris:
480 511 531 574 sin
558 511 587 575 is
615 509 707 574 virile
730 530 822 574 secus
845 530 911 575 non
933 509 1129 593 reliquisset,
1156 513 1228 576 tum
1250 513 1302 576 de·

126 599 302 684 ligabatur,
326 600 381 683 qui
404 598 571 682 proximus
594 600 681 662 esset
698 596 952 682 propinquitate.
988 596 1137 664 Mortuus
1161 601 1204 681 [a.
1220 601 1337 681 397]r

128 691 200 752 erat
222 686 307 771 Agis
330 708 400 770 rex,
427 686 529 752 frater
551 684 712 772 Agesilai:
739 686 841 750 filium
864 686 1039 769 reliquerat
1061 686 1302 770 Leotychidem

130 773 234 850 Quem
248 780 362 840 natum
379 796 446 840 nou
465 778 612 860 eguerat,
627 772 762 839 eundem
781 774 923 839 moriens
938 795 1032 839 suum
1050 796 1121 840 esse
1135 775 1261 841 dixerat
1267 775 1301 863 2).

127 861 160 927 Is
185 863 225 927 de
247 863 371 928 honore
394 864 488 949 regni
511 885 585 929 cum
608 862 764 947 Agesilao
786 865 903 946 patruo
927 862 1105 946 contendit,
1132 886 1236 948 neque
1259 865 1302 949 id,

127 952 214 1034 quod
246 952 377 1037 petivit,
413 955 603 1017 consecutus
636 954 695 1015 est.
740 950 827 1016 Nam
857 951 1023 1035 Lysandro
1061 950 1336 1041 suffragantem

9 1052 10 1055 ’
127 1038 268 1121 homine,
290 1043 329 1105 ut
352 1062 452 1124 supra
475 1039 685 1123 ostendimus,
709 1038 849 1104 factioso
872 1042 906 1103 et
928 1039 995 1103 illis
1018 1042 1220 1125 temporibus
1242 1063 1302 1125 po-

125 1129 221 1211 tenti,
243 1128 418 1214 Agesilaus
442 1128 604 1194 antelatus
627 1130 686 1192 est.

216 1215 257 1284 Π.
288 1214 352 1293 Qui
371 1217 565 1301 simulatque
587 1216 716 1300 imperii
738 1215 864 1300 potitus
884 1219 941 1297 est,
964 1216 1067 1281 satius
1088 1237 1159 1281 esse
1183 1217 1301 1284 docens
1321 1232 1335 1279 1

127 1304 164 1368 iu
182 1305 264 1369 Asia
287 1326 384 1390 quam
407 1306 443 1369 in
460 1303 595 1388 Europa
617 1305 772 1382 dimicari,
794 1307 958 1387 persuasit
974 1302 1241 1370 Lacedaemoniis
1265 1310 1302 1370 ut

126 1414 201 1457 eum
220 1394 363 1459 exercitu
385 1414 421 1458 se
444 1394 612 1458 mitterent
633 1393 668 1457 in
686 1394 801 1458 Asiam
817 1392 1004 1476 bellumque
1026 1393 1097 1479 regi
1114 1391 1300 1481 faeerenr).

125 1480 277 1567 Namque
294 1482 384 1546 fama
401 1483 524 1547 exierat
542 1484 755 1546 Artaxerxem
773 1502 962 1564 comparare
980 1480 1101 1546 classes
1119 1482 1299 1566 pedestres·

126 1592 190 1654 que
211 1571 381 1654 exereitus,
405 1592 486 1653 quos
509 1570 544 1635 in
562 1569 733 1635 Graeciam
756 1570 910 1634 mitteret.
946 1568 1034 1634 Data
1056 1570 1112 1635 ille
1134 1574 1334 1655 potestates

126 1663 222 1725 tanta
240 1659 406 1724 celeritate
424 1680 502 1724 usus
521 1663 580 1740 est,
598 1663 636 1723 ut
652 1658 743 1741 prius
762 1659 796 1721 in
812 1656 928 1722 Asiam
948 1679 1022 1722 cum
1040 1659 1142 1742 copiis
1162 1659 1203 1742 [a
1218 1659 1297 1741 396]

125 1748 324 1831 perveniret,
352 1769 450 1831 quam
472 1747 555 1832 regii
578 1751 728 1830 satrapae
752 1766 825 1810 eum
849 1747 969 1811 scirent
991 1746 1181 1831 profectum.
1226 1745 1298 1824 Quo

125 1835 250 1900 factum
277 1839 393 1900 estut
419 1832 565 1921 omnes⁵)
595 1836 775 1920 imparatos
802 1835 1087 1919 imprudentesque
1115 1836 1299 1901 offenderet

123 1923 162 1989 Id
181 1928 220 1989 ut
237 1925 393 2009 cognovit
411 1924 655 2009 Tissaphemes,
678 1924 734 2008 qui
753 1945 915 1988 summum
933 1925 1105 2008 imperium
1124 1928 1195 1989 tum
1212 1925 1299 1989 inter
1317 1937 1334 1986 3

123 2013 307 2096 praefectos
331 2012 475 2078 habebat
496 2013 614 2097 regios,
635 2011 777 2077 indutias
801 2033 820 2075 a
843 2011 970 2076 Lacone
993 2012 1118 2096 petivit,
1140 2013 1299 2078 simulans

124 2122 160 2166 se
187 2103 264 2166 dare
292 2122 438 2185 operam,
467 2104 505 2165 ut
533 2100 796 2166 Lacedaemoniis
825 2121 897 2165 cum
925 2121 1002 2185 rege
1029 2103 1231 2186 conveniret,
1263 2123 1298 2166 re

124 2193 232 2254 autem
247 2210 326 2255 vera
339 2189 379 2253 ad
390 2190 501 2273 copias
516 2188 761 2274 comparandas,
775 2209 894 2272 easque
906 2187 1094 2271 impetravit
1107 2190 1299 2257 trimestres.

122 2277 250 2343 Iuravit
279 2280 388 2342 autem
419 2281 554 2362 uterque
583 2299 618 2342 se
648 2277 718 2343 sine
747 2277 822 2341 dolo
850 2277 991 2341 indutias
1021 2281 1334 2343 conservaturuml

122 2364 162 2430 In
186 2388 251 2451 qua
277 2367 429 2450 pactione
453 2388 579 2431 summa
600 2366 662 2430 fide
692 2366 815 2431 mansit
837 2364 1025 2449 Agesilaus:
1053 2368 1169 2430 contra
1190 2365 1298 2430 Tissa·

5 2526 7 2533 ,
122 2454 262 2539 phernes
280 2454 365 2518 nihil
384 2454 473 2520 aliud
491 2476 587 2539 quam
606 2455 730 2520 bellum
749 2453 960 2537 comparavit.
997 2452 1036 2518 Id
1054 2455 1117 2518 etsi
1136 2455 1299 2519 sentiebat
1316 2469 1333 2518 a

121 2542 223 2627 Laco,
252 2546 364 2608 tamen
385 2543 610 2609 iusiurandum
639 2544 790 2608 servabat
812 2542 1016 2626 multumque
1042 2543 1077 2608 in
1100 2564 1138 2607 eo
1167 2565 1201 2608 se
1225 2564 1299 2608 con·

121 2633 214 2714 sequi
234 2631 371 2715 dicebat,
394 2632 479 2716 quod
498 2631 731 2716 Tissaphernes
753 2630 895 2716 periurio
919 2652 977 2695 suo
1001 2635 1035 2696 et
1056 2630 1206 2696 homines
1230 2632 1297 2696 suis

121 2721 220 2786 rebus
243 2720 445 2785 abalienaret
468 2723 501 2784 et
520 2720 596 2785 deos
620 2721 682 2785 sibi
705 2719 809 2785 iratos
832 2719 993 2783 redderet:
1017 2741 1051 2785 se
1069 2741 1146 2785 vero
1168 2741 1297 2786 conser-

119 2809 229 2874 vanda
256 2809 416 2893 religione
439 2808 630 2875 confirmare
654 2809 841 2890 exercitum,
873 2829 947 2872 cum
970 2807 1242 2874 animadverteret
1265 2813 1299 2874 et

120 2898 256 2961 deorum
278 2918 397 2962 numen
428 2896 535 2962 iacere
558 2893 700 2983 secuml)
724 2901 756 2962 et
777 2895 928 2962 homines
952 2896 1015 2961 sibi
1038 2897 1219 2982 conciliari,
1242 2899 1299 2983 qui

121 2985 252 3069 quidem
270 2985 312 3050 iis
331 2985 461 3050 studere
480 2988 699 3070 consuessent,
718 3007 799 3071 quos
818 3006 1010 3051 conservare
1027 2985 1124 3050 fidem
1138 2987 1296 3068 viderent.

210 3072 270 3139 HI.
300 3073 479 3158 Postquam
507 3074 705 3139 indutiarum
734 3074 903 3159 praeteriit
930 3073 1013 3157 dies,
1042 3074 1202 3140 barbarus
1230 3093 1332 3141 nour

120 3158 322 3245 dubitansb,
350 3162 436 3246 quod
465 3161 569 3247 ipsius
600 3166 694 3227 erant
719 3163 860 3247 plurima
887 3161 1053 3227 domicilia
1079 3164 1114 3227 in
1140 3161 1238 3229 (laria
1265 3169 1299 3230 et

120 3272 160 3316 ea
178 3252 269 3334 regio
287 3251 353 3314 illis
371 3251 582 3335 temporibus,
603 3255 642 3316 ut
659 3250 745 3316 bello
764 3250 908 3315 nondum
928 3256 1052 3334 vexata,
1075 3252 1179 3316 multo
1201 3257 1296 3336 puta-

118 3340 217 3404 batur
239 3339 511 3423 locupletissima,
533 3361 572 3405 eo
595 3339 804 3424 potissimum
827 3339 938 3404 hostes
961 3339 1119 3423 impetum
1142 3340 1298 3424 facturos,

120 3449 234 3493 omnes
258 3449 334 3492 suas
356 3429 468 3512 copias
492 3449 530 3492 eo
554 3431 767 3495 contraxerat.
804 3427 851 3493 At
868 3426 1043 3513 Agesilaus
1066 3428 1102 3492 in
1119 3427 1331 3513 Phrygiamu

121 3537 156 3581 se
185 3515 345 3582 convertit
374 3537 510 3600 eamque
537 3516 626 3600 prius
656 3517 870 3601 depopulatus
899 3519 961 3600 est,
990 3537 1087 3600 quam
1110 3516 1298 3601 Tissapher-

157 3688 436 3759 ¹)Muuvermutete‚
451 3705 482 3744 er
496 3689 537 3745 sei
551 3689 684 3746 einsohn
738 3690 854 3759 setzung
877 3689 926 3744 des
944 3688 1071 3757 Krieges.
1107 3688 1165 3744 Das
1186 3690 1227 3746 im
1245 3691 1297 3748 fol·

117 3761 170 3816 des
187 3759 359 3816 Alcibiades.
737 3758 849 3829 gendeu
881 3758 963 3815 Setae
998 3759 1141 3816 erwdhute
1174 3761 1299 3820 Gaudent

158 3832 179 3899 ο)
200 3831 282 3886 Anm.
301 3849 335 3885 au
353 3830 416 3899 Lys.
435 3830 484 3899 IV,
504 3836 528 3887 1,
737 3830 880 3901 ubertrieb
899 3830 954 3885 den
973 3829 1165 3888 Sachverhalt.
1211 3884 1213 3888 ,

118 3900 256 4041 862ἕέ
264 3901 353 4043 {5328
366 3902 683 4042 ῗῗὲῗξζξῖῃζθέἒὲἳ
776 3937 798 4005 ⁶)
821 3936 908 3993 Nioht
930 3938 976 3994 die
999 3938 1149 4009 Satrapen,
1177 3941 1297 3996 eundern

119 4049 172 4098 aar
186 4041 444 4098 assensuram
461 4043 520 4098 una
536 4042 681 4099 assuens·
734 4007 918 4109 ⁸¹¹ss⁰1¹¹5¹⁰0¹
935 4027 970 4063 ²¹¹
988 4012 1144 4110 venissen.

118 4113 358 4182 unterhandlung.
390 4113 450 4169 Aul
464 4114 510 4168 die
527 4114 682 4168 Naehrieht
771 4096 794 4165 ⁶)
813 4097 901 4151 Nlcht
919 4098 971 4152 auf
985 4102 1152 4182 exercrtum,
1176 4101 1296 4156 sondern

118 4201 175 4240 von
193 4185 248 4239 den
265 4185 433 4254 Rustuugen
450 4184 559 4240 Conone
577 4183 608 4238 in
626 4184 681 4239 den
734 4165 853 4249 ³}1fd88
871 4167 1084 4239 HauptsubJeur
1099 4169 1173 4226 Laco
1195 4190 1229 4225 au
1247 4172 1296 4227 be-

119 4254 267 4310 sddliehen
298 4253 411 4311 Meeren
443 4254 583 4311 beschlols
614 4271 681 4309 man
735 4239 840 4295 ssehen·
1071 4314 1073 4318 ,

118 4325 150 4379 iu
173 4327 276 4396 Sparta
298 4325 361 4380 eine
383 4325 578 4395 energisohere
600 4326 680 4382 rore
772 4327 892 4397 ⁷)Anm.
911 4344 947 4381 zu
965 4328 1055 4384 praef,
1076 4333 1100 4385 1,
