<?xml version="1.0" encoding="UTF-8"?>
<!DOCTYPE html PUBLIC "-//W3C//DTD XHTML 1.0 Transitional//EN"
    "http://www.w3.org/TR/xhtml1/DTD/xhtml1-transitional.dtd">
<html xmlns="http://www.w3.org/1999/xhtml" xml:lang="en" lang="en">
 <head>
  <title>
</title>
<meta http-equiv="Content-Type" content="text/html;charset=utf-8" />
  <meta name='ocr-system' content='tesseract 3.04.00' />
  <meta name='ocr-capabilities' content='ocr_page ocr_carea ocr_par ocr_line ocrx_word'/>
</head>
<body>
  <div class='ocr_page' id='page_1' title='image "./corneliinepotis00ortmgoog/corneliinepotis00ortmgoog_0090.png"; bbox 0 0 3028 4908; ppageno 0'>
   <div class='ocr_carea' id='block_1_1' title="bbox 530 172 1320 240">
    <p class='ocr_par' dir='ltr' id='par_1_1' title="bbox 530 172 1320 240">
     <span class='ocr_line' id='line_1_1' title="bbox 530 172 1320 240; baseline 0.013 -12"><span class='ocrx_word' id='word_1_1' title='bbox 530 173 631 230; x_wconf 88' lang='lat' dir='ltr'><strong>XVIlJ.</strong></span> <span class='ocrx_word' id='word_1_2' title='bbox 663 172 846 231; x_wconf 78' lang='lat' dir='ltr'><strong>EUMENES.</strong></span> <span class='ocrx_word' id='word_1_3' title='bbox 870 181 894 232; x_wconf 74' lang='lat'><strong>7.</strong></span> <span class='ocrx_word' id='word_1_4' title='bbox 914 180 939 231; x_wconf 87' lang='grc'><strong>8.</strong></span> <span class='ocrx_word' id='word_1_5' title='bbox 1277 175 1320 240; x_wconf 79' lang='grc'><strong>67</strong></span> 
     </span>
    </p>
   </div>
   <div class='ocr_carea' id='block_1_2' title="bbox 145 335 1356 511">
    <p class='ocr_par' dir='ltr' id='par_1_2' title="bbox 145 335 1356 511">
     <span class='ocr_line' id='line_1_2' title="bbox 147 335 1321 422; baseline 0 -20"><span class='ocrx_word' id='word_1_6' title='bbox 147 336 293 422; x_wconf 90' lang='lat' dir='ltr'><strong>Philippi</strong></span> <span class='ocrx_word' id='word_1_7' title='bbox 312 336 425 402; x_wconf 91' lang='lat' dir='ltr'><strong>domus</strong></span> <span class='ocrx_word' id='word_1_8' title='bbox 449 357 487 400; x_wconf 91' lang='lat' dir='ltr'><strong>ac</strong></span> <span class='ocrx_word' id='word_1_9' title='bbox 504 335 648 401; x_wconf 88' lang='lat' dir='ltr'><strong>familiae</strong></span> <span class='ocrx_word' id='word_1_10' title='bbox 666 336 907 401; x_wconf 90' lang='lat' dir='ltr'><strong>inimicissimos</strong></span> <span class='ocrx_word' id='word_1_11' title='bbox 927 337 1059 421; x_wconf 76' lang='lat' dir='ltr'><strong>stirpem</strong></span> <span class='ocrx_word' id='word_1_12' title='bbox 1079 358 1206 421; x_wconf 90' lang='lat' dir='ltr'><strong>qnoque</strong></span> <span class='ocrx_word' id='word_1_13' title='bbox 1224 337 1321 402; x_wconf 87' lang='lat' dir='ltr'><strong>inter·</strong></span> 
     </span>
     <span class='ocr_line' id='line_1_3' title="bbox 145 422 1356 511; baseline 0.002 -20"><span class='ocrx_word' id='word_1_14' title='bbox 145 426 261 510; x_wconf 84' lang='lat' dir='ltr'><strong>imore,</strong></span> <span class='ocrx_word' id='word_1_15' title='bbox 289 424 452 509; x_wconf 82' lang='lat' dir='ltr'><strong>ferretque</strong></span> <span class='ocrx_word' id='word_1_16' title='bbox 482 445 577 509; x_wconf 91' lang='lat' dir='ltr'><strong>opem</strong></span> <span class='ocrx_word' id='word_1_17' title='bbox 599 424 709 490; x_wconf 86' lang='lat' dir='ltr'><strong>liberis</strong></span> <span class='ocrx_word' id='word_1_18' title='bbox 718 422 756 511; x_wconf 83' lang='lat'><strong>1⁴)</strong></span> <span class='ocrx_word' id='word_1_19' title='bbox 781 423 965 490; x_wconf 80' lang='lat' dir='ltr'><strong>Alexandri.</strong></span> <span class='ocrx_word' id='word_1_20' title='bbox 1011 422 1115 499; x_wconf 79' lang='lat' dir='ltr'><strong>Quam</strong></span> <span class='ocrx_word' id='word_1_21' title='bbox 1139 425 1267 490; x_wconf 84' lang='lat' dir='ltr'><strong>veniam</strong></span> <span class='ocrx_word' id='word_1_22' title='bbox 1291 427 1356 494; x_wconf 70' lang='lat' dir='ltr'><strong>sic</strong></span> 
     </span>
    </p>
   </div>
   <div class='ocr_carea' id='block_1_3' title="bbox 135 511 1412 3599">
    <p class='ocr_par' dir='ltr' id='par_1_3' title="bbox 144 511 1355 952">
     <span class='ocr_line' id='line_1_4' title="bbox 147 511 1319 599; baseline 0.001 -21"><span class='ocrx_word' id='word_1_23' title='bbox 147 514 250 599; x_wconf 88' lang='lat' dir='ltr'><strong>daret,</strong></span> <span class='ocrx_word' id='word_1_24' title='bbox 272 535 370 598; x_wconf 89' lang='lat' dir='ltr'><strong>quam</strong></span> <span class='ocrx_word' id='word_1_25' title='bbox 393 514 534 597; x_wconf 91' lang='lat' dir='ltr'><strong>primum</strong></span> <span class='ocrx_word' id='word_1_26' title='bbox 558 513 718 578; x_wconf 90' lang='lat' dir='ltr'><strong>exercitus</strong></span> <span class='ocrx_word' id='word_1_27' title='bbox 740 516 886 598; x_wconf 89' lang='lat' dir='ltr'><strong>pararet,</strong></span> <span class='ocrx_word' id='word_1_28' title='bbox 909 533 990 597; x_wconf 91' lang='lat' dir='ltr'><strong>quos</strong></span> <span class='ocrx_word' id='word_1_29' title='bbox 1013 511 1076 577; x_wconf 90' lang='lat' dir='ltr'><strong>sibi</strong></span> <span class='ocrx_word' id='word_1_30' title='bbox 1099 513 1243 578; x_wconf 89' lang='lat' dir='ltr'><strong>subsidio</strong></span> <span class='ocrx_word' id='word_1_31' title='bbox 1266 514 1319 579; x_wconf 89' lang='lat' dir='ltr'><strong>ad·</strong></span> 
     </span>
     <span class='ocr_line' id='line_1_5' title="bbox 144 600 1318 686; baseline -0.001 -18"><span class='ocrx_word' id='word_1_32' title='bbox 144 603 285 668; x_wconf 90' lang='lat' dir='ltr'><strong>duceret.</strong></span> <span class='ocrx_word' id='word_1_33' title='bbox 325 600 363 666; x_wconf 92' lang='lat' dir='ltr'><strong>Id</strong></span> <span class='ocrx_word' id='word_1_34' title='bbox 383 623 446 686; x_wconf 91' lang='lat' dir='ltr'><strong>quo</strong></span> <span class='ocrx_word' id='word_1_35' title='bbox 469 601 596 666; x_wconf 78' lang='lat' dir='ltr'><strong>facilius</strong></span> <span class='ocrx_word' id='word_1_36' title='bbox 619 600 750 685; x_wconf 85' lang='lat' dir='ltr'><strong>faceret,</strong></span> <span class='ocrx_word' id='word_1_37' title='bbox 774 622 808 666; x_wconf 91' lang='lat' dir='ltr'><strong>se</strong></span> <span class='ocrx_word' id='word_1_38' title='bbox 832 602 981 666; x_wconf 88' lang='lat' dir='ltr'><strong>omnibns</strong></span> <span class='ocrx_word' id='word_1_39' title='bbox 999 601 1173 686; x_wconf 87' lang='lat' dir='ltr'><strong>praefectis</strong></span> <span class='ocrx_word' id='word_1_40' title='bbox 1192 602 1318 668; x_wconf 80' lang='lat' dir='ltr'><strong>misisse</strong></span> 
     </span>
     <span class='ocr_line' id='line_1_6' title="bbox 144 689 1355 775; baseline 0.003 -20"><span class='ocrx_word' id='word_1_41' title='bbox 144 692 288 775; x_wconf 85' lang='lat' dir='ltr'><strong>litteras,</strong></span> <span class='ocrx_word' id='word_1_42' title='bbox 311 693 350 755; x_wconf 93' lang='lat' dir='ltr'><strong>ut</strong></span> <span class='ocrx_word' id='word_1_43' title='bbox 372 691 402 754; x_wconf 89' lang='lat' dir='ltr'><strong>ei</strong></span> <span class='ocrx_word' id='word_1_44' title='bbox 423 692 575 774; x_wconf 88' lang='lat' dir='ltr'><strong>parerent</strong></span> <span class='ocrx_word' id='word_1_45' title='bbox 598 689 729 773; x_wconf 88' lang='lat' dir='ltr'><strong>eiusque</strong></span> <span class='ocrx_word' id='word_1_46' title='bbox 752 690 896 755; x_wconf 91' lang='lat' dir='ltr'><strong>consiliis</strong></span> <span class='ocrx_word' id='word_1_47' title='bbox 919 693 1095 755; x_wconf 89' lang='lat' dir='ltr'><strong>uterentur.</strong></span> <span class='ocrx_word' id='word_1_48' title='bbox 1140 689 1203 754; x_wconf 90' lang='lat' dir='ltr'><strong>His</strong></span> <span class='ocrx_word' id='word_1_49' title='bbox 1221 691 1318 756; x_wconf 90' lang='lat' dir='ltr'><strong>rebus</strong></span> <span class='ocrx_word' id='word_1_50' title='bbox 1337 710 1355 759; x_wconf 81' lang='lat'><strong>5</strong></span> 
     </span>
     <span class='ocr_line' id='line_1_7' title="bbox 144 777 1318 862; baseline 0 -18"><span class='ocrx_word' id='word_1_51' title='bbox 144 778 311 844; x_wconf 77' lang='lat' dir='ltr'><strong>Eumenes</strong></span> <span class='ocrx_word' id='word_1_52' title='bbox 334 781 501 861; x_wconf 88' lang='lat' dir='ltr'><strong>permotus</strong></span> <span class='ocrx_word' id='word_1_53' title='bbox 525 777 627 843; x_wconf 88' lang='lat' dir='ltr'><strong>satius</strong></span> <span class='ocrx_word' id='word_1_54' title='bbox 650 777 749 862; x_wconf 86' lang='lat' dir='ltr'><strong>duxit,</strong></span> <span class='ocrx_word' id='word_1_55' title='bbox 772 778 800 842; x_wconf 95' lang='lat' dir='ltr'><strong>si</strong></span> <span class='ocrx_word' id='word_1_56' title='bbox 823 779 871 843; x_wconf 89' lang='lat' dir='ltr'><strong>ita</strong></span> <span class='ocrx_word' id='word_1_57' title='bbox 893 778 1022 843; x_wconf 89' lang='lat' dir='ltr'><strong>tulisset</strong></span> <span class='ocrx_word' id='word_1_58' title='bbox 1043 778 1190 862; x_wconf 83' lang='lat' dir='ltr'><strong>fortuna,</strong></span> <span class='ocrx_word' id='word_1_59' title='bbox 1213 780 1318 862; x_wconf 92' lang='lat' dir='ltr'><strong>perire</strong></span> 
     </span>
     <span class='ocr_line' id='line_1_8' title="bbox 145 866 1207 952; baseline -0.001 -19"><span class='ocrx_word' id='word_1_60' title='bbox 145 868 229 933; x_wconf 88' lang='lat' dir='ltr'><strong>benc</strong></span> <span class='ocrx_word' id='word_1_61' title='bbox 252 867 378 931; x_wconf 87' lang='lat' dir='ltr'><strong>meritis</strong></span> <span class='ocrx_word' id='word_1_62' title='bbox 402 866 594 931; x_wconf 86' lang='lat' dir='ltr'><strong>referentem</strong></span> <span class='ocrx_word' id='word_1_63' title='bbox 617 866 758 951; x_wconf 79' lang='lat' dir='ltr'><strong>gratiam</strong></span> <span class='ocrx_word' id='word_1_64' title='bbox 782 888 879 951; x_wconf 90' lang='lat' dir='ltr'><strong>quam</strong></span> <span class='ocrx_word' id='word_1_65' title='bbox 901 867 1068 952; x_wconf 79' lang='lat' dir='ltr'><strong>ingratum</strong></span> <span class='ocrx_word' id='word_1_66' title='bbox 1090 866 1207 932; x_wconf 83' lang='lat' dir='ltr'><strong>vivere.</strong></span> 
     </span>
    </p>

    <p class='ocr_par' dir='ltr' id='par_1_4' title="bbox 135 953 1412 3599">
     <span class='ocr_line' id='line_1_9' title="bbox 233 953 1354 1040; baseline 0.004 -21"><span class='ocrx_word' id='word_1_67' title='bbox 233 953 309 1020; x_wconf 85' lang='lat' dir='ltr'><strong>VII.</strong></span> <span class='ocrx_word' id='word_1_68' title='bbox 340 953 454 1039; x_wconf 92' lang='lat' dir='ltr'><strong>Itaque</strong></span> <span class='ocrx_word' id='word_1_69' title='bbox 482 956 593 1039; x_wconf 89' lang='lat' dir='ltr'><strong>copias</strong></span> <span class='ocrx_word' id='word_1_70' title='bbox 620 955 797 1033; x_wconf 74' lang='lat' dir='ltr'><strong>contraxit,</strong></span> <span class='ocrx_word' id='word_1_71' title='bbox 826 954 1012 1040; x_wconf 91' lang='lat' dir='ltr'><strong>bellumque</strong></span> <span class='ocrx_word' id='word_1_72' title='bbox 1040 954 1195 1019; x_wconf 84' lang='lat' dir='ltr'><strong>adversus</strong></span> <span class='ocrx_word' id='word_1_73' title='bbox 1222 955 1354 1024; x_wconf 88' lang='lat' dir='ltr'><strong>Anti-1</strong></span> 
     </span>
     <span class='ocr_line' id='line_1_10' title="bbox 147 1041 1317 1130; baseline -0.001 -21"><span class='ocrx_word' id='word_1_74' title='bbox 147 1065 269 1130; x_wconf 85' lang='lat' dir='ltr'><strong>gonum</strong></span> <span class='ocrx_word' id='word_1_75' title='bbox 289 1043 499 1127; x_wconf 83' lang='lat' dir='ltr'><strong>comparavit.</strong></span> <span class='ocrx_word' id='word_1_76' title='bbox 536 1041 600 1106; x_wconf 82' lang='lat' dir='ltr'><strong>Sed</strong></span> <span class='ocrx_word' id='word_1_77' title='bbox 623 1044 708 1126; x_wconf 92' lang='lat' dir='ltr'><strong>quod</strong></span> <span class='ocrx_word' id='word_1_78' title='bbox 730 1064 796 1107; x_wconf 87' lang='lat' dir='ltr'><strong>nna</strong></span> <span class='ocrx_word' id='word_1_79' title='bbox 814 1054 908 1108; x_wconf 85' lang='lat' dir='ltr'><strong>erant</strong></span> <span class='ocrx_word' id='word_1_80' title='bbox 926 1042 1117 1109; x_wconf 78' lang='lat' dir='ltr'><strong>Macedones</strong></span> <span class='ocrx_word' id='word_1_81' title='bbox 1137 1043 1317 1128; x_wconf 87' lang='lat' dir='ltr'><strong>complures</strong></span> 
     </span>
     <span class='ocr_line' id='line_1_11' title="bbox 144 1129 1318 1216; baseline 0 -19"><span class='ocrx_word' id='word_1_82' title='bbox 144 1132 286 1216; x_wconf 86' lang='lat' dir='ltr'><strong>nobiles,</strong></span> <span class='ocrx_word' id='word_1_83' title='bbox 313 1132 349 1196; x_wconf 91' lang='lat' dir='ltr'><strong>in</strong></span> <span class='ocrx_word' id='word_1_84' title='bbox 376 1131 428 1196; x_wconf 91' lang='lat' dir='ltr'><strong>his</strong></span> <span class='ocrx_word' id='word_1_85' title='bbox 450 1129 635 1214; x_wconf 83' lang='lat' dir='ltr'><strong>Peucestes,</strong></span> <span class='ocrx_word' id='word_1_86' title='bbox 665 1131 721 1215; x_wconf 92' lang='lat' dir='ltr'><strong>qui</strong></span> <span class='ocrx_word' id='word_1_87' title='bbox 743 1131 888 1214; x_wconf 91' lang='lat' dir='ltr'><strong>corporis</strong></span> <span class='ocrx_word' id='word_1_88' title='bbox 912 1137 1022 1196; x_wconf 87' lang='lat' dir='ltr'><strong>custos</strong></span> <span class='ocrx_word' id='word_1_89' title='bbox 1050 1130 1158 1197; x_wconf 88' lang='lat' dir='ltr'><strong>fuerat</strong></span> <span class='ocrx_word' id='word_1_90' title='bbox 1182 1132 1318 1197; x_wconf 89' lang='lat' dir='ltr'><strong>Alexan-</strong></span> 
     </span>
     <span class='ocr_line' id='line_1_12' title="bbox 144 1216 1317 1305; baseline 0 -20"><span class='ocrx_word' id='word_1_91' title='bbox 144 1217 255 1304; x_wconf 80' lang='lat' dir='ltr'><strong>dri¹⁶),</strong></span> <span class='ocrx_word' id='word_1_92' title='bbox 282 1223 353 1284; x_wconf 88' lang='lat' dir='ltr'><strong>tum</strong></span> <span class='ocrx_word' id='word_1_93' title='bbox 376 1224 485 1284; x_wconf 90' lang='lat' dir='ltr'><strong>autem</strong></span> <span class='ocrx_word' id='word_1_94' title='bbox 509 1218 678 1284; x_wconf 84' lang='lat' dir='ltr'><strong>obtinebat</strong></span> <span class='ocrx_word' id='word_1_95' title='bbox 699 1218 880 1304; x_wconf 84' lang='lat' dir='ltr'><strong>Persidem,</strong></span> <span class='ocrx_word' id='word_1_96' title='bbox 904 1222 937 1284; x_wconf 88' lang='lat' dir='ltr'><strong>et</strong></span> <span class='ocrx_word' id='word_1_97' title='bbox 959 1216 1197 1305; x_wconf 69' lang='lat' dir='ltr'><strong>Antigenesll),</strong></span> <span class='ocrx_word' id='word_1_98' title='bbox 1226 1222 1317 1285; x_wconf 90' lang='lat' dir='ltr'><strong>cuius</strong></span> 
     </span>
     <span class='ocr_line' id='line_1_13' title="bbox 144 1306 1317 1394; baseline 0 -21"><span class='ocrx_word' id='word_1_99' title='bbox 144 1310 205 1373; x_wconf 95' lang='lat' dir='ltr'><strong>sub</strong></span> <span class='ocrx_word' id='word_1_100' title='bbox 233 1309 370 1392; x_wconf 89' lang='lat' dir='ltr'><strong>imperio</strong></span> <span class='ocrx_word' id='word_1_101' title='bbox 403 1306 550 1392; x_wconf 81' lang='lat' dir='ltr'><strong>phalanx</strong></span> <span class='ocrx_word' id='word_1_102' title='bbox 578 1312 649 1372; x_wconf 88' lang='lat' dir='ltr'><strong>erat</strong></span> <span class='ocrx_word' id='word_1_103' title='bbox 677 1307 904 1392; x_wconf 89' lang='lat' dir='ltr'><strong>Macedonum,</strong></span> <span class='ocrx_word' id='word_1_104' title='bbox 935 1307 1091 1374; x_wconf 81' lang='lat' dir='ltr'><strong>invidiam</strong></span> <span class='ocrx_word' id='word_1_105' title='bbox 1121 1308 1255 1394; x_wconf 84' lang='lat' dir='ltr'><strong>veritus,</strong></span> <span class='ocrx_word' id='word_1_106' title='bbox 1288 1310 1317 1373; x_wconf 89' lang='lat' dir='ltr'><strong>si</strong></span> 
     </span>
     <span class='ocr_line' id='line_1_14' title="bbox 143 1395 1315 1482; baseline 0 -21"><span class='ocrx_word' id='word_1_107' title='bbox 143 1397 254 1482; x_wconf 90' lang='lat' dir='ltr'><strong>potius</strong></span> <span class='ocrx_word' id='word_1_108' title='bbox 277 1397 348 1480; x_wconf 89' lang='lat' dir='ltr'><strong>ipse</strong></span> <span class='ocrx_word' id='word_1_109' title='bbox 371 1395 554 1481; x_wconf 80' lang='lat' dir='ltr'><strong>alienigena</strong></span> <span class='ocrx_word' id='word_1_110' title='bbox 577 1417 703 1460; x_wconf 88' lang='lat' dir='ltr'><strong>summa</strong></span> <span class='ocrx_word' id='word_1_111' title='bbox 725 1396 855 1479; x_wconf 90' lang='lat' dir='ltr'><strong>imperii</strong></span> <span class='ocrx_word' id='word_1_112' title='bbox 877 1395 1053 1480; x_wconf 90' lang='lat' dir='ltr'><strong>potiretur,</strong></span> <span class='ocrx_word' id='word_1_113' title='bbox 1077 1417 1175 1480; x_wconf 91' lang='lat' dir='ltr'><strong>quam</strong></span> <span class='ocrx_word' id='word_1_114' title='bbox 1198 1396 1315 1480; x_wconf 86' lang='lat' dir='ltr'><strong>aliquia</strong></span> 
     </span>
     <span class='ocr_line' id='line_1_15' title="bbox 143 1484 1353 1568; baseline 0.005 -19"><span class='ocrx_word' id='word_1_115' title='bbox 143 1484 377 1568; x_wconf 83' lang='lat' dir='ltr'><strong>Macedonum,</strong></span> <span class='ocrx_word' id='word_1_116' title='bbox 412 1484 447 1548; x_wconf 95' lang='lat' dir='ltr'><strong>in</strong></span> <span class='ocrx_word' id='word_1_117' title='bbox 483 1484 652 1567; x_wconf 90' lang='lat' dir='ltr'><strong>principiis</strong></span> <span class='ocrx_word' id='word_1_118' title='bbox 691 1484 867 1549; x_wconf 84' lang='lat' dir='ltr'><strong>Alexandri</strong></span> <span class='ocrx_word' id='word_1_119' title='bbox 902 1485 1033 1550; x_wconf 90' lang='lat' dir='ltr'><strong>nomine</strong></span> <span class='ocrx_word' id='word_1_120' title='bbox 1068 1485 1353 1555; x_wconf 75' lang='lat' dir='ltr'><strong>tabernaculuma</strong></span> 
     </span>
     <span class='ocr_line' id='line_1_16' title="bbox 144 1572 1315 1658; baseline -0.001 -20"><span class='ocrx_word' id='word_1_121' title='bbox 144 1574 261 1639; x_wconf 85' lang='lat' dir='ltr'><strong>statuit</strong></span> <span class='ocrx_word' id='word_1_122' title='bbox 291 1573 326 1636; x_wconf 93' lang='lat' dir='ltr'><strong>in</strong></span> <span class='ocrx_word' id='word_1_123' title='bbox 360 1593 461 1658; x_wconf 89' lang='lat' dir='ltr'><strong>eoque</strong></span> <span class='ocrx_word' id='word_1_124' title='bbox 494 1572 609 1637; x_wconf 90' lang='lat' dir='ltr'><strong>sellam</strong></span> <span class='ocrx_word' id='word_1_125' title='bbox 642 1593 771 1636; x_wconf 85' lang='lat' dir='ltr'><strong>auream</strong></span> <span class='ocrx_word' id='word_1_126' title='bbox 804 1593 876 1637; x_wconf 92' lang='lat' dir='ltr'><strong>cum</strong></span> <span class='ocrx_word' id='word_1_127' title='bbox 909 1577 1037 1658; x_wconf 91' lang='lat' dir='ltr'><strong>sceptro</strong></span> <span class='ocrx_word' id='word_1_128' title='bbox 1066 1594 1104 1638; x_wconf 90' lang='lat' dir='ltr'><strong>ac</strong></span> <span class='ocrx_word' id='word_1_129' title='bbox 1134 1573 1315 1637; x_wconf 90' lang='lat' dir='ltr'><strong>diademate</strong></span> 
     </span>
     <span class='ocr_line' id='line_1_17' title="bbox 142 1660 1317 1746; baseline 0.002 -21"><span class='ocrx_word' id='word_1_130' title='bbox 142 1662 241 1726; x_wconf 91' lang='lat' dir='ltr'><strong>iussit</strong></span> <span class='ocrx_word' id='word_1_131' title='bbox 262 1661 340 1745; x_wconf 90' lang='lat' dir='ltr'><strong>poni</strong></span> <span class='ocrx_word' id='word_1_132' title='bbox 368 1682 471 1746; x_wconf 88' lang='lat' dir='ltr'><strong>coque</strong></span> <span class='ocrx_word' id='word_1_133' title='bbox 498 1681 611 1726; x_wconf 91' lang='lat' dir='ltr'><strong>omncs</strong></span> <span class='ocrx_word' id='word_1_134' title='bbox 635 1660 752 1725; x_wconf 85' lang='lat' dir='ltr'><strong>cotidie</strong></span> <span class='ocrx_word' id='word_1_135' title='bbox 775 1660 962 1744; x_wconf 85' lang='lat' dir='ltr'><strong>convenire,</strong></span> <span class='ocrx_word' id='word_1_136' title='bbox 982 1660 1027 1726; x_wconf 84' lang='lat' dir='ltr'><strong>&#39;nt</strong></span> <span class='ocrx_word' id='word_1_137' title='bbox 1048 1660 1095 1725; x_wconf 88' lang='lat' dir='ltr'><strong>ibi</strong></span> <span class='ocrx_word' id='word_1_138' title='bbox 1119 1661 1158 1726; x_wconf 88' lang='lat' dir='ltr'><strong>de</strong></span> <span class='ocrx_word' id='word_1_139' title='bbox 1181 1662 1317 1727; x_wconf 89' lang='lat' dir='ltr'><strong>summis</strong></span> 
     </span>
     <span class='ocr_line' id='line_1_18' title="bbox 141 1746 1318 1835; baseline 0.001 -21"><span class='ocrx_word' id='word_1_140' title='bbox 141 1751 239 1814; x_wconf 87' lang='lat' dir='ltr'><strong>rebus</strong></span> <span class='ocrx_word' id='word_1_141' title='bbox 259 1748 396 1814; x_wconf 91' lang='lat' dir='ltr'><strong>consilia</strong></span> <span class='ocrx_word' id='word_1_142' title='bbox 414 1752 618 1834; x_wconf 86' lang='lat' dir='ltr'><strong>caperentur:</strong></span> <span class='ocrx_word' id='word_1_143' title='bbox 642 1748 768 1813; x_wconf 90' lang='lat' dir='ltr'><strong>minore</strong></span> <span class='ocrx_word' id='word_1_144' title='bbox 787 1750 873 1813; x_wconf 90' lang='lat' dir='ltr'><strong>enim</strong></span> <span class='ocrx_word' id='word_1_145' title='bbox 892 1771 927 1814; x_wconf 90' lang='lat' dir='ltr'><strong>se</strong></span> <span class='ocrx_word' id='word_1_146' title='bbox 945 1749 1066 1814; x_wconf 81' lang='lat' dir='ltr'><strong>invidia</strong></span> <span class='ocrx_word' id='word_1_147' title='bbox 1073 1746 1113 1835; x_wconf 72' lang='grc'><strong>17)</strong></span> <span class='ocrx_word' id='word_1_148' title='bbox 1132 1749 1202 1814; x_wconf 89' lang='lat' dir='ltr'><strong>fore</strong></span> <span class='ocrx_word' id='word_1_149' title='bbox 1220 1753 1318 1834; x_wconf 87' lang='lat' dir='ltr'><strong>puta-</strong></span> 
     </span>
     <span class='ocr_line' id='line_1_19' title="bbox 141 1836 1315 1922; baseline 0 -19"><span class='ocrx_word' id='word_1_150' title='bbox 141 1838 209 1922; x_wconf 89' lang='lat' dir='ltr'><strong>bat,</strong></span> <span class='ocrx_word' id='word_1_151' title='bbox 234 1837 263 1903; x_wconf 90' lang='lat' dir='ltr'><strong>si</strong></span> <span class='ocrx_word' id='word_1_152' title='bbox 282 1838 388 1921; x_wconf 89' lang='lat' dir='ltr'><strong>specie</strong></span> <span class='ocrx_word' id='word_1_153' title='bbox 407 1836 533 1921; x_wconf 90' lang='lat' dir='ltr'><strong>imperii</strong></span> <span class='ocrx_word' id='word_1_154' title='bbox 551 1837 757 1920; x_wconf 90' lang='lat' dir='ltr'><strong>nominisque</strong></span> <span class='ocrx_word' id='word_1_155' title='bbox 776 1837 982 1903; x_wconf 84' lang='lat' dir='ltr'><strong>simulatione</strong></span> <span class='ocrx_word' id='word_1_156' title='bbox 995 1836 1172 1902; x_wconf 85' lang='lat' dir='ltr'><strong>Alexandri</strong></span> <span class='ocrx_word' id='word_1_157' title='bbox 1191 1838 1315 1903; x_wconf 88' lang='lat' dir='ltr'><strong>bellum</strong></span> 
     </span>
     <span class='ocr_line' id='line_1_20' title="bbox 142 1924 1350 2013; baseline 0 -22"><span class='ocrx_word' id='word_1_158' title='bbox 142 1926 308 1991; x_wconf 80' lang='lat' dir='ltr'><strong>videretur</strong></span> <span class='ocrx_word' id='word_1_159' title='bbox 331 1924 567 1990; x_wconf 89' lang='lat' dir='ltr'><strong>administrare.</strong></span> <span class='ocrx_word' id='word_1_160' title='bbox 602 1924 717 2009; x_wconf 91' lang='lat' dir='ltr'><strong>Itaque</strong></span> <span class='ocrx_word' id='word_1_161' title='bbox 736 1947 808 1991; x_wconf 89' lang='lat' dir='ltr'><strong>cum</strong></span> <span class='ocrx_word' id='word_1_162' title='bbox 826 1947 894 1990; x_wconf 89' lang='lat' dir='ltr'><strong>non</strong></span> <span class='ocrx_word' id='word_1_163' title='bbox 912 1927 954 1992; x_wconf 88' lang='lat' dir='ltr'><strong>ad</strong></span> <span class='ocrx_word' id='word_1_164' title='bbox 971 1925 1128 1993; x_wconf 77' lang='lat' dir='ltr'><strong>Eumenis</strong></span> <span class='ocrx_word' id='word_1_165' title='bbox 1146 1927 1315 2013; x_wconf 91' lang='lat' dir='ltr'><strong>principia,</strong></span> <span class='ocrx_word' id='word_1_166' title='bbox 1333 1952 1350 2000; x_wconf 82' lang='lat'><strong>3</strong></span> 
     </span>
     <span class='ocr_line' id='line_1_21' title="bbox 144 2013 1315 2098; baseline 0.002 -20"><span class='ocrx_word' id='word_1_167' title='bbox 144 2015 202 2079; x_wconf 92' lang='lat' dir='ltr'><strong>sed</strong></span> <span class='ocrx_word' id='word_1_168' title='bbox 226 2013 266 2078; x_wconf 90' lang='lat' dir='ltr'><strong>ad</strong></span> <span class='ocrx_word' id='word_1_169' title='bbox 289 2013 381 2097; x_wconf 81' lang='lat' dir='ltr'><strong>regia</strong></span> <span class='ocrx_word' id='word_1_170' title='bbox 404 2013 632 2079; x_wconf 84' lang='lat' dir='ltr'><strong>conveniretur</strong></span> <span class='ocrx_word' id='word_1_171' title='bbox 660 2019 758 2098; x_wconf 87' lang='lat' dir='ltr'><strong>atque</strong></span> <span class='ocrx_word' id='word_1_172' title='bbox 781 2014 827 2078; x_wconf 93' lang='lat' dir='ltr'><strong>ibi</strong></span> <span class='ocrx_word' id='word_1_173' title='bbox 852 2015 890 2078; x_wconf 91' lang='lat' dir='ltr'><strong>de</strong></span> <span class='ocrx_word' id='word_1_174' title='bbox 914 2015 1051 2079; x_wconf 90' lang='lat' dir='ltr'><strong>summis</strong></span> <span class='ocrx_word' id='word_1_175' title='bbox 1076 2014 1172 2079; x_wconf 92' lang='lat' dir='ltr'><strong>rebus</strong></span> <span class='ocrx_word' id='word_1_176' title='bbox 1196 2015 1315 2081; x_wconf 86' lang='lat' dir='ltr'><strong>delibe-</strong></span> 
     </span>
     <span class='ocr_line' id='line_1_22' title="bbox 141 2101 1316 2204; baseline 0.002 -38"><span class='ocrx_word' id='word_1_177' title='bbox 141 2106 278 2204; x_wconf 78' lang='lat' dir='ltr'><strong>raretnr,</strong></span> <span class='ocrx_word' id='word_1_178' title='bbox 301 2104 373 2187; x_wconf 90' lang='lat' dir='ltr'><strong>ipse</strong></span> <span class='ocrx_word' id='word_1_179' title='bbox 390 2102 530 2186; x_wconf 89' lang='lat' dir='ltr'><strong>quodam</strong></span> <span class='ocrx_word' id='word_1_180' title='bbox 554 2101 650 2166; x_wconf 94' lang='lat' dir='ltr'><strong>modo</strong></span> <span class='ocrx_word' id='word_1_181' title='bbox 669 2101 801 2181; x_wconf 85' lang='lat' dir='ltr'><strong>latebat,</strong></span> <span class='ocrx_word' id='word_1_182' title='bbox 825 2123 895 2167; x_wconf 87' lang='lat' dir='ltr'><strong>cum</strong></span> <span class='ocrx_word' id='word_1_183' title='bbox 919 2107 1030 2167; x_wconf 90' lang='lat' dir='ltr'><strong>tamen</strong></span> <span class='ocrx_word' id='word_1_184' title='bbox 1047 2125 1106 2187; x_wconf 91' lang='lat' dir='ltr'><strong>per</strong></span> <span class='ocrx_word' id='word_1_185' title='bbox 1123 2125 1224 2168; x_wconf 91' lang='lat' dir='ltr'><strong>unum</strong></span> <span class='ocrx_word' id='word_1_186' title='bbox 1242 2125 1316 2169; x_wconf 92' lang='lat' dir='ltr'><strong>eum</strong></span> 
     </span>
     <span class='ocr_line' id='line_1_23' title="bbox 141 2195 1345 2362; baseline 0.003 -20"><span class='ocrx_word' id='word_1_187' title='bbox 141 2195 500 2343; x_wconf 61' lang='lat' dir='ltr'><strong>ommPlllrMthirxit</strong></span> <span class='ocrx_word' id='word_1_188' title='bbox 522 2299 594 2342; x_wconf 91' lang='lat' dir='ltr'><strong>cum</strong></span> <span class='ocrx_word' id='word_1_189' title='bbox 618 2277 786 2362; x_wconf 85' lang='lat' dir='ltr'><strong>Antigono</strong></span> <span class='ocrx_word' id='word_1_190' title='bbox 809 2277 844 2343; x_wconf 93' lang='lat' dir='ltr'><strong>in</strong></span> <span class='ocrx_word' id='word_1_191' title='bbox 867 2277 1063 2362; x_wconf 88' lang='lat' dir='ltr'><strong>Paraetacis,</strong></span> <span class='ocrx_word' id='word_1_192' title='bbox 1085 2300 1152 2343; x_wconf 92' lang='lat' dir='ltr'><strong>non</strong></span> <span class='ocrx_word' id='word_1_193' title='bbox 1172 2282 1213 2361; x_wconf 88' lang='lat' dir='ltr'><strong>[a.</strong></span> <span class='ocrx_word' id='word_1_194' title='bbox 1230 2281 1308 2362; x_wconf 86' lang='lat'>316]</span> <span class='ocrx_word' id='word_1_195' title='bbox 1332 2305 1345 2354; x_wconf 85' lang='lat'>1</span> 
     </span>
     <span class='ocr_line' id='line_1_24' title="bbox 140 2365 1311 2452; baseline 0.001 -20"><span class='ocrx_word' id='word_1_196' title='bbox 140 2368 210 2433; x_wconf 91' lang='lat' dir='ltr'><strong>acie</strong></span> <span class='ocrx_word' id='word_1_197' title='bbox 224 2367 393 2450; x_wconf 87' lang='lat' dir='ltr'><strong>instructa,</strong></span> <span class='ocrx_word' id='word_1_198' title='bbox 407 2365 463 2430; x_wconf 92' lang='lat' dir='ltr'><strong>sed</strong></span> <span class='ocrx_word' id='word_1_199' title='bbox 477 2366 511 2429; x_wconf 91' lang='lat' dir='ltr'><strong>in</strong></span> <span class='ocrx_word' id='word_1_200' title='bbox 531 2366 657 2449; x_wconf 89' lang='lat' dir='ltr'><strong>itinere,</strong></span> <span class='ocrx_word' id='word_1_201' title='bbox 676 2388 813 2450; x_wconf 89' lang='lat' dir='ltr'><strong>eumque</strong></span> <span class='ocrx_word' id='word_1_202' title='bbox 831 2367 917 2431; x_wconf 88' lang='lat' dir='ltr'><strong>male</strong></span> <span class='ocrx_word' id='word_1_203' title='bbox 936 2371 1104 2452; x_wconf 88' lang='lat' dir='ltr'><strong>acceptum</strong></span> <span class='ocrx_word' id='word_1_204' title='bbox 1122 2369 1157 2432; x_wconf 91' lang='lat' dir='ltr'><strong>in</strong></span> <span class='ocrx_word' id='word_1_205' title='bbox 1171 2368 1311 2433; x_wconf 91' lang='lat' dir='ltr'><strong>Mediam</strong></span> 
     </span>
     <span class='ocr_line' id='line_1_25' title="bbox 139 2452 1312 2540; baseline 0.002 -22"><span class='ocrx_word' id='word_1_206' title='bbox 139 2455 319 2522; x_wconf 88' lang='lat' dir='ltr'><strong>hiematum</strong></span> <span class='ocrx_word' id='word_1_207' title='bbox 342 2455 449 2539; x_wconf 69' lang='lat' dir='ltr'><strong>coegit</strong></span> <span class='ocrx_word' id='word_1_208' title='bbox 471 2454 584 2518; x_wconf 89' lang='lat' dir='ltr'><strong>redire.</strong></span> <span class='ocrx_word' id='word_1_209' title='bbox 621 2452 696 2538; x_wconf 89' lang='lat' dir='ltr'><strong>Ipsa</strong></span> <span class='ocrx_word' id='word_1_210' title='bbox 719 2455 753 2518; x_wconf 93' lang='lat' dir='ltr'><strong>in</strong></span> <span class='ocrx_word' id='word_1_211' title='bbox 772 2455 911 2519; x_wconf 92' lang='lat' dir='ltr'><strong>finitima</strong></span> <span class='ocrx_word' id='word_1_212' title='bbox 933 2455 1065 2540; x_wconf 82' lang='lat' dir='ltr'><strong>regione</strong></span> <span class='ocrx_word' id='word_1_213' title='bbox 1083 2455 1226 2521; x_wconf 89' lang='lat' dir='ltr'><strong>Persidis</strong></span> <span class='ocrx_word' id='word_1_214' title='bbox 1244 2457 1312 2520; x_wconf 91' lang='lat' dir='ltr'><strong>hie-</strong></span> 
     </span>
     <span class='ocr_line' id='line_1_26' title="bbox 139 2541 1312 2630; baseline 0.002 -22"><span class='ocrx_word' id='word_1_215' title='bbox 139 2546 265 2609; x_wconf 88' lang='lat' dir='ltr'><strong>matum</strong></span> <span class='ocrx_word' id='word_1_216' title='bbox 279 2544 389 2625; x_wconf 90' lang='lat' dir='ltr'><strong>copias</strong></span> <span class='ocrx_word' id='word_1_217' title='bbox 404 2541 524 2624; x_wconf 80' lang='lat' dir='ltr'><strong>divisit,</strong></span> <span class='ocrx_word' id='word_1_218' title='bbox 536 2563 603 2606; x_wconf 91' lang='lat' dir='ltr'><strong>non</strong></span> <span class='ocrx_word' id='word_1_219' title='bbox 617 2545 654 2606; x_wconf 91' lang='lat' dir='ltr'><strong>ut</strong></span> <span class='ocrx_word' id='word_1_220' title='bbox 667 2542 737 2626; x_wconf 89' lang='lat' dir='ltr'><strong>ipse</strong></span> <span class='ocrx_word' id='word_1_221' title='bbox 750 2543 890 2626; x_wconf 83' lang='lat' dir='ltr'><strong>volebat,</strong></span> <span class='ocrx_word' id='word_1_222' title='bbox 905 2544 959 2609; x_wconf 81' lang='lat' dir='ltr'><strong>aed</strong></span> <span class='ocrx_word' id='word_1_223' title='bbox 972 2546 1009 2608; x_wconf 91' lang='lat' dir='ltr'><strong>ut</strong></span> <span class='ocrx_word' id='word_1_224' title='bbox 1019 2543 1160 2608; x_wconf 87' lang='lat' dir='ltr'><strong>militum</strong></span> <span class='ocrx_word' id='word_1_225' title='bbox 1174 2545 1312 2630; x_wconf 81' lang='lat' dir='ltr'><strong>cogebat</strong></span> 
     </span>
     <span class='ocr_line' id='line_1_27' title="bbox 137 2629 1346 2717; baseline 0.001 -20"><span class='ocrx_word' id='word_1_226' title='bbox 137 2632 302 2697; x_wconf 81' lang='lat' dir='ltr'><strong>voluntas.</strong></span> <span class='ocrx_word' id='word_1_227' title='bbox 343 2629 494 2715; x_wconf 90' lang='lat' dir='ltr'><strong>Namque</strong></span> <span class='ocrx_word' id='word_1_228' title='bbox 512 2630 571 2695; x_wconf 90' lang='lat' dir='ltr'><strong>illa</strong></span> <span class='ocrx_word' id='word_1_229' title='bbox 593 2630 737 2715; x_wconf 90' lang='lat' dir='ltr'><strong>phalanx</strong></span> <span class='ocrx_word' id='word_1_230' title='bbox 754 2629 931 2696; x_wconf 91' lang='lat' dir='ltr'><strong>Alexandri</strong></span> <span class='ocrx_word' id='word_1_231' title='bbox 950 2631 1074 2717; x_wconf 80' lang='lat' dir='ltr'><strong>Magni,</strong></span> <span class='ocrx_word' id='word_1_232' title='bbox 1096 2654 1178 2716; x_wconf 89' lang='lat' dir='ltr'><strong>quae</strong></span> <span class='ocrx_word' id='word_1_233' title='bbox 1197 2633 1311 2699; x_wconf 85' lang='lat' dir='ltr'><strong>Asiam</strong></span> <span class='ocrx_word' id='word_1_234' title='bbox 1330 2659 1346 2705; x_wconf 80' lang='lat'>2</span> 
     </span>
     <span class='ocr_line' id='line_1_28' title="bbox 138 2717 1311 2804; baseline 0.001 -19"><span class='ocrx_word' id='word_1_235' title='bbox 138 2722 333 2804; x_wconf 79' lang='lat' dir='ltr'><strong>peragrarat</strong></span> <span class='ocrx_word' id='word_1_236' title='bbox 368 2719 593 2803; x_wconf 84' lang='lat' dir='ltr'><strong>deviceratque</strong></span> <span class='ocrx_word' id='word_1_237' title='bbox 624 2717 755 2803; x_wconf 89' lang='lat' dir='ltr'><strong>Persas,</strong></span> <span class='ocrx_word' id='word_1_238' title='bbox 785 2720 964 2785; x_wconf 84' lang='lat' dir='ltr'><strong>inveterata</strong></span> <span class='ocrx_word' id='word_1_239' title='bbox 995 2741 1068 2785; x_wconf 92' lang='lat' dir='ltr'><strong>cum</strong></span> <span class='ocrx_word' id='word_1_240' title='bbox 1100 2720 1205 2804; x_wconf 79' lang='lat' dir='ltr'><strong>gloria</strong></span> <span class='ocrx_word' id='word_1_241' title='bbox 1241 2724 1311 2786; x_wconf 88' lang='lat' dir='ltr'><strong>tum</strong></span> 
     </span>
     <span class='ocr_line' id='line_1_29' title="bbox 139 2807 1312 2894; baseline 0.002 -21"><span class='ocrx_word' id='word_1_242' title='bbox 139 2809 240 2873; x_wconf 87' lang='lat' dir='ltr'><strong>etiam</strong></span> <span class='ocrx_word' id='word_1_243' title='bbox 263 2808 407 2892; x_wconf 88' lang='lat' dir='ltr'><strong>licentia,</strong></span> <span class='ocrx_word' id='word_1_244' title='bbox 424 2829 490 2872; x_wconf 91' lang='lat' dir='ltr'><strong>non</strong></span> <span class='ocrx_word' id='word_1_245' title='bbox 509 2828 624 2890; x_wconf 90' lang='lat' dir='ltr'><strong>parere</strong></span> <span class='ocrx_word' id='word_1_246' title='bbox 643 2828 677 2872; x_wconf 90' lang='lat' dir='ltr'><strong>se</strong></span> <span class='ocrx_word' id='word_1_247' title='bbox 696 2807 841 2892; x_wconf 92' lang='lat' dir='ltr'><strong>ducibus,</strong></span> <span class='ocrx_word' id='word_1_248' title='bbox 859 2809 914 2872; x_wconf 90' lang='lat' dir='ltr'><strong>sed</strong></span> <span class='ocrx_word' id='word_1_249' title='bbox 937 2809 1097 2892; x_wconf 90' lang='lat' dir='ltr'><strong>imperare</strong></span> <span class='ocrx_word' id='word_1_250' title='bbox 1114 2810 1312 2894; x_wconf 89' lang='lat' dir='ltr'><strong>postulabat,</strong></span> 
     </span>
     <span class='ocr_line' id='line_1_30' title="bbox 139 2895 1412 2982; baseline 0.002 -20"><span class='ocrx_word' id='word_1_251' title='bbox 139 2901 176 2962; x_wconf 92' lang='lat' dir='ltr'><strong>ut</strong></span> <span class='ocrx_word' id='word_1_252' title='bbox 208 2917 296 2961; x_wconf 88' lang='lat' dir='ltr'><strong>nunc</strong></span> <span class='ocrx_word' id='word_1_253' title='bbox 327 2898 470 2960; x_wconf 86' lang='lat' dir='ltr'><strong>veterani</strong></span> <span class='ocrx_word' id='word_1_254' title='bbox 506 2895 631 2960; x_wconf 88' lang='lat' dir='ltr'><strong>faciunt</strong></span> <span class='ocrx_word' id='word_1_255' title='bbox 661 2897 776 2962; x_wconf 83' lang='lat' dir='ltr'><strong>nostri.</strong></span> <span class='ocrx_word' id='word_1_256' title='bbox 829 2897 943 2981; x_wconf 90' lang='lat' dir='ltr'><strong>ltaque</strong></span> <span class='ocrx_word' id='word_1_257' title='bbox 974 2896 1153 2982; x_wconf 91' lang='lat' dir='ltr'><strong>periculum</strong></span> <span class='ocrx_word' id='word_1_258' title='bbox 1187 2901 1238 2963; x_wconf 81' lang='lat' dir='ltr'><strong>eat</strong></span> <span class='ocrx_word' id='word_1_259' title='bbox 1269 2920 1312 2964; x_wconf 92' lang='lat' dir='ltr'><strong>ne</strong></span> <span class='ocrx_word' id='word_1_260' title='bbox 1405 2962 1412 2973; x_wconf 83' lang='grc'><em>,</em></span> 
     </span>
     <span class='ocr_line' id='line_1_31' title="bbox 138 2983 1312 3070; baseline 0.003 -22"><span class='ocrx_word' id='word_1_261' title='bbox 138 2984 272 3067; x_wconf 84' lang='lat' dir='ltr'><strong>iaciant,</strong></span> <span class='ocrx_word' id='word_1_262' title='bbox 291 2983 377 3068; x_wconf 91' lang='lat' dir='ltr'><strong>quod</strong></span> <span class='ocrx_word' id='word_1_263' title='bbox 394 2984 444 3048; x_wconf 92' lang='lat' dir='ltr'><strong>illi</strong></span> <span class='ocrx_word' id='word_1_264' title='bbox 462 2984 617 3062; x_wconf 88' lang='lat' dir='ltr'><strong>fecerunt,</strong></span> <span class='ocrx_word' id='word_1_265' title='bbox 641 3006 699 3049; x_wconf 89' lang='lat' dir='ltr'><strong>aua</strong></span> <span class='ocrx_word' id='word_1_266' title='bbox 722 2984 972 3070; x_wconf 86' lang='lat' dir='ltr'><strong>intemperantia</strong></span> <span class='ocrx_word' id='word_1_267' title='bbox 995 2987 1158 3070; x_wconf 91' lang='lat' dir='ltr'><strong>nimiaque</strong></span> <span class='ocrx_word' id='word_1_268' title='bbox 1180 2987 1312 3052; x_wconf 87' lang='lat' dir='ltr'><strong>licentia</strong></span> 
     </span>
     <span class='ocr_line' id='line_1_32' title="bbox 137 3069 1312 3160; baseline 0.002 -23"><span class='ocrx_word' id='word_1_269' title='bbox 137 3078 174 3137; x_wconf 89' lang='lat' dir='ltr'><strong>ut</strong></span> <span class='ocrx_word' id='word_1_270' title='bbox 202 3072 314 3138; x_wconf 91' lang='lat' dir='ltr'><strong>omnia</strong></span> <span class='ocrx_word' id='word_1_271' title='bbox 341 3073 478 3156; x_wconf 87' lang='lat' dir='ltr'><strong>perdant</strong></span> <span class='ocrx_word' id='word_1_272' title='bbox 504 3093 607 3157; x_wconf 90' lang='lat' dir='ltr'><strong>neque</strong></span> <span class='ocrx_word' id='word_1_273' title='bbox 616 3069 656 3158; x_wconf 80' lang='lat'><strong>¹⁸)</strong></span> <span class='ocrx_word' id='word_1_274' title='bbox 686 3073 793 3138; x_wconf 93' lang='lat' dir='ltr'><strong>minus</strong></span> <span class='ocrx_word' id='word_1_275' title='bbox 822 3095 891 3156; x_wconf 88' lang='lat' dir='ltr'><strong>eos,</strong></span> <span class='ocrx_word' id='word_1_276' title='bbox 919 3095 992 3139; x_wconf 89' lang='lat' dir='ltr'><strong>cum</strong></span> <span class='ocrx_word' id='word_1_277' title='bbox 1020 3075 1138 3159; x_wconf 89' lang='lat' dir='ltr'><strong>quibus</strong></span> <span class='ocrx_word' id='word_1_278' title='bbox 1168 3074 1312 3160; x_wconf 89' lang='lat' dir='ltr'><strong>fecerint,</strong></span> 
     </span>
     <span class='ocr_line' id='line_1_33' title="bbox 138 3160 1346 3247; baseline 0.002 -20"><span class='ocrx_word' id='word_1_279' title='bbox 138 3182 238 3246; x_wconf 90' lang='lat' dir='ltr'><strong>quam</strong></span> <span class='ocrx_word' id='word_1_280' title='bbox 252 3160 405 3225; x_wconf 87' lang='lat' dir='ltr'><strong>adversus</strong></span> <span class='ocrx_word' id='word_1_281' title='bbox 420 3182 501 3245; x_wconf 91' lang='lat' dir='ltr'><strong>quos</strong></span> <span class='ocrx_word' id='word_1_282' title='bbox 521 3161 685 3225; x_wconf 82' lang='lat' dir='ltr'><strong>steterint..</strong></span> <span class='ocrx_word' id='word_1_283' title='bbox 714 3160 837 3237; x_wconf 79' lang='lat' dir='ltr'><strong>Quodsi</strong></span> <span class='ocrx_word' id='word_1_284' title='bbox 851 3163 922 3245; x_wconf 93' lang='lat' dir='ltr'><strong>quis</strong></span> <span class='ocrx_word' id='word_1_285' title='bbox 940 3162 1070 3228; x_wconf 92' lang='lat' dir='ltr'><strong>illorum</strong></span> <span class='ocrx_word' id='word_1_286' title='bbox 1083 3163 1173 3247; x_wconf 80' lang='lat' dir='ltr'><strong>legat</strong></span> <span class='ocrx_word' id='word_1_287' title='bbox 1187 3167 1311 3229; x_wconf 86' lang='lat' dir='ltr'><strong>vetera·</strong></span> <span class='ocrx_word' id='word_1_288' title='bbox 1329 3188 1346 3236; x_wconf 84' lang='lat'><strong>3</strong></span> 
     </span>
     <span class='ocr_line' id='line_1_34' title="bbox 137 3248 1311 3335; baseline 0.002 -21"><span class='ocrx_word' id='word_1_289' title='bbox 137 3270 254 3314; x_wconf 89' lang='lat' dir='ltr'><strong>norum</strong></span> <span class='ocrx_word' id='word_1_290' title='bbox 282 3248 383 3335; x_wconf 86' lang='lat' dir='ltr'><strong>facta,</strong></span> <span class='ocrx_word' id='word_1_291' title='bbox 411 3250 505 3334; x_wconf 88' lang='lat' dir='ltr'><strong>paria</strong></span> <span class='ocrx_word' id='word_1_292' title='bbox 535 3249 652 3314; x_wconf 91' lang='lat' dir='ltr'><strong>horum</strong></span> <span class='ocrx_word' id='word_1_293' title='bbox 680 3256 859 3334; x_wconf 82' lang='lat' dir='ltr'><strong>cognoscat</strong></span> <span class='ocrx_word' id='word_1_294' title='bbox 886 3272 990 3335; x_wconf 90' lang='lat' dir='ltr'><strong>neque</strong></span> <span class='ocrx_word' id='word_1_295' title='bbox 1016 3273 1086 3317; x_wconf 90' lang='lat' dir='ltr'><strong>rem</strong></span> <span class='ocrx_word' id='word_1_296' title='bbox 1112 3253 1214 3317; x_wconf 92' lang='lat' dir='ltr'><strong>ullam</strong></span> <span class='ocrx_word' id='word_1_297' title='bbox 1246 3253 1311 3316; x_wconf 89' lang='lat' dir='ltr'><strong>nisi</strong></span> 
     </span>
     <span class='ocr_line' id='line_1_35' title="bbox 136 3336 1310 3422; baseline 0.003 -20"><span class='ocrx_word' id='word_1_298' title='bbox 136 3343 266 3422; x_wconf 89' lang='lat' dir='ltr'><strong>tempus</strong></span> <span class='ocrx_word' id='word_1_299' title='bbox 301 3338 457 3402; x_wconf 86' lang='lat' dir='ltr'><strong>interesse</strong></span> <span class='ocrx_word' id='word_1_300' title='bbox 492 3337 621 3403; x_wconf 90' lang='lat' dir='ltr'><strong>iudicet.</strong></span> <span class='ocrx_word' id='word_1_301' title='bbox 672 3336 734 3403; x_wconf 83' lang='lat' dir='ltr'><strong>Sed</strong></span> <span class='ocrx_word' id='word_1_302' title='bbox 772 3339 813 3403; x_wconf 90' lang='lat' dir='ltr'><strong>ad</strong></span> <span class='ocrx_word' id='word_1_303' title='bbox 848 3339 926 3405; x_wconf 93' lang='lat' dir='ltr'><strong>illos</strong></span> <span class='ocrx_word' id='word_1_304' title='bbox 962 3344 1113 3404; x_wconf 83' lang='lat' dir='ltr'><strong>revertar.</strong></span> <span class='ocrx_word' id='word_1_305' title='bbox 1163 3339 1310 3405; x_wconf 89' lang='lat' dir='ltr'><strong>Hiberna</strong></span> 
     </span>
     <span class='ocr_line' id='line_1_36' title="bbox 136 3425 1310 3512; baseline 0 -21"><span class='ocrx_word' id='word_1_306' title='bbox 136 3430 345 3509; x_wconf 89' lang='lat' dir='ltr'><strong>sumpserant</strong></span> <span class='ocrx_word' id='word_1_307' title='bbox 375 3447 443 3492; x_wconf 93' lang='lat' dir='ltr'><strong>non</strong></span> <span class='ocrx_word' id='word_1_308' title='bbox 473 3425 515 3489; x_wconf 92' lang='lat' dir='ltr'><strong>ad</strong></span> <span class='ocrx_word' id='word_1_309' title='bbox 547 3448 640 3492; x_wconf 91' lang='lat' dir='ltr'><strong>usum</strong></span> <span class='ocrx_word' id='word_1_310' title='bbox 672 3425 765 3507; x_wconf 91' lang='lat' dir='ltr'><strong>belli,</strong></span> <span class='ocrx_word' id='word_1_311' title='bbox 803 3428 859 3492; x_wconf 90' lang='lat' dir='ltr'><strong>sed</strong></span> <span class='ocrx_word' id='word_1_312' title='bbox 892 3427 932 3492; x_wconf 92' lang='lat' dir='ltr'><strong>ad</strong></span> <span class='ocrx_word' id='word_1_313' title='bbox 965 3428 1109 3512; x_wconf 90' lang='lat' dir='ltr'><strong>ipsorum</strong></span> <span class='ocrx_word' id='word_1_314' title='bbox 1140 3428 1310 3511; x_wconf 88' lang='lat' dir='ltr'><strong>luxuriam,</strong></span> 
     </span>
     <span class='ocr_line' id='line_1_37' title="bbox 135 3512 1346 3599; baseline 0.002 -21"><span class='ocrx_word' id='word_1_315' title='bbox 135 3516 300 3598; x_wconf 79' lang='lat' dir='ltr'><strong>longeque</strong></span> <span class='ocrx_word' id='word_1_316' title='bbox 322 3514 408 3579; x_wconf 90' lang='lat' dir='ltr'><strong>inter</strong></span> <span class='ocrx_word' id='word_1_317' title='bbox 430 3535 464 3578; x_wconf 91' lang='lat' dir='ltr'><strong>se</strong></span> <span class='ocrx_word' id='word_1_318' title='bbox 483 3514 707 3579; x_wconf 88' lang='lat' dir='ltr'><strong>discesserant.</strong></span> <span class='ocrx_word' id='word_1_319' title='bbox 751 3512 822 3589; x_wconf 82' lang='lat' dir='ltr'><strong>Quo</strong></span> <span class='ocrx_word' id='word_1_320' title='bbox 839 3515 1027 3599; x_wconf 82' lang='lat' dir='ltr'><strong>Antigonus</strong></span> <span class='ocrx_word' id='word_1_321' title='bbox 1046 3518 1212 3599; x_wconf 89' lang='lat' dir='ltr'><strong>comperto</strong></span> <span class='ocrx_word' id='word_1_322' title='bbox 1235 3537 1308 3581; x_wconf 91' lang='lat' dir='ltr'><strong>cum</strong></span> <span class='ocrx_word' id='word_1_323' title='bbox 1328 3544 1346 3592; x_wconf 84' lang='lat'>4</span> 
     </span>
    </p>
   </div>
   <div class='ocr_carea' id='block_1_4' title="bbox 132 3686 1310 4251">
    <p class='ocr_par' dir='ltr' id='par_1_5' title="bbox 132 3686 1310 4251">
     <span class='ocr_line' id='line_1_38' title="bbox 173 3686 1310 3749; baseline 0.002 -8"><span class='ocrx_word' id='word_1_324' title='bbox 173 3687 208 3749; x_wconf 71' lang='lat'><strong>¹⁴)</strong></span> <span class='ocrx_word' id='word_1_325' title='bbox 227 3687 265 3741; x_wconf 81' lang='lat' dir='ltr'><strong>Ea</strong></span> <span class='ocrx_word' id='word_1_326' title='bbox 279 3686 355 3742; x_wconf 88' lang='lat' dir='ltr'><strong>lebte</strong></span> <span class='ocrx_word' id='word_1_327' title='bbox 369 3686 442 3743; x_wconf 92' lang='lat' dir='ltr'><strong>noch</strong></span> <span class='ocrx_word' id='word_1_328' title='bbox 456 3687 502 3743; x_wconf 89' lang='lat' dir='ltr'><strong>ein</strong></span> <span class='ocrx_word' id='word_1_329' title='bbox 515 3687 696 3742; x_wconf 88' lang='lat' dir='ltr'><strong>unehelicher</strong></span> <span class='ocrx_word' id='word_1_330' title='bbox 749 3689 807 3742; x_wconf 91' lang='lat' dir='ltr'><strong>Der</strong></span> <span class='ocrx_word' id='word_1_331' title='bbox 824 3687 971 3742; x_wconf 84' lang='lat' dir='ltr'><strong>Ansdruclr</strong></span> <span class='ocrx_word' id='word_1_332' title='bbox 994 3687 1091 3742; x_wconf 81' lang='lat' dir='ltr'><strong>liberis</strong></span> <span class='ocrx_word' id='word_1_333' title='bbox 1113 3688 1152 3743; x_wconf 84' lang='lat' dir='ltr'><strong>iat</strong></span> <span class='ocrx_word' id='word_1_334' title='bbox 1175 3689 1235 3743; x_wconf 85' lang='lat' dir='ltr'><strong>also</strong></span> <span class='ocrx_word' id='word_1_335' title='bbox 1259 3706 1310 3743; x_wconf 88' lang='lat' dir='ltr'><strong>nn-</strong></span> 
     </span>
     <span class='ocr_line' id='line_1_39' title="bbox 135 3755 850 3829; baseline 0 -17"><span class='ocrx_word' id='word_1_336' title='bbox 135 3756 213 3813; x_wconf 84' lang='lat' dir='ltr'><strong>Sohn</strong></span> <span class='ocrx_word' id='word_1_337' title='bbox 221 3755 403 3826; x_wconf 85' lang='lat' dir='ltr'><strong>Alexandera,</strong></span> <span class='ocrx_word' id='word_1_338' title='bbox 412 3759 553 3826; x_wconf 84' lang='lat' dir='ltr'><strong>Heraclea,</strong></span> <span class='ocrx_word' id='word_1_339' title='bbox 566 3758 624 3812; x_wconf 87' lang='lat' dir='ltr'><strong>und</strong></span> <span class='ocrx_word' id='word_1_340' title='bbox 637 3759 697 3813; x_wconf 84' lang='lat' dir='ltr'><strong>sein</strong></span> <span class='ocrx_word' id='word_1_341' title='bbox 750 3774 850 3829; x_wconf 80' lang='lat' dir='ltr'><strong>ganan.</strong></span> 
     </span>
     <span class='ocr_line' id='line_1_40' title="bbox 134 3827 1310 3901; baseline 0.003 -18"><span class='ocrx_word' id='word_1_342' title='bbox 134 3827 696 3896; x_wconf 80' lang='lat' dir='ltr'><strong>nachgeborenerSohnvonderRoxane,</strong></span> <span class='ocrx_word' id='word_1_343' title='bbox 788 3829 822 3897; x_wconf 79' lang='lat'><strong>1⁶)</strong></span> <span class='ocrx_word' id='word_1_344' title='bbox 836 3828 1115 3898; x_wconf 78' lang='lat' dir='ltr'><strong>Anm.nnHam.I,2.</strong></span> <span class='ocrx_word' id='word_1_345' title='bbox 1135 3828 1310 3901; x_wconf 75' lang='lat' dir='ltr'><strong>Ealiagtein</strong></span> 
     </span>
     <span class='ocr_line' id='line_1_41' title="bbox 134 3898 1309 3969; baseline 0.002 -16"><span class='ocrx_word' id='word_1_346' title='bbox 134 3898 295 3954; x_wconf 80' lang='lat' dir='ltr'><strong>Alexander</strong></span> <span class='ocrx_word' id='word_1_347' title='bbox 306 3898 409 3969; x_wconf 77' lang='lat' dir='ltr'><strong>Agens</strong></span> <span class='ocrx_word' id='word_1_348' title='bbox 440 3900 517 3955; x_wconf 87' lang='lat' dir='ltr'><strong>Aber</strong></span> <span class='ocrx_word' id='word_1_349' title='bbox 533 3918 587 3954; x_wconf 92' lang='lat' dir='ltr'><strong>nur</strong></span> <span class='ocrx_word' id='word_1_350' title='bbox 606 3899 697 3954; x_wconf 86' lang='lat' dir='ltr'><strong>dieser</strong></span> <span class='ocrx_word' id='word_1_351' title='bbox 749 3899 884 3968; x_wconf 82' lang='lat' dir='ltr'><strong>gewiaaer</strong></span> <span class='ocrx_word' id='word_1_352' title='bbox 897 3898 1068 3954; x_wconf 87' lang='lat' dir='ltr'><strong>Nachdrnck</strong></span> <span class='ocrx_word' id='word_1_353' title='bbox 1086 3900 1137 3956; x_wconf 84' lang='lat' dir='ltr'><strong>auf</strong></span> <span class='ocrx_word' id='word_1_354' title='bbox 1148 3900 1309 3968; x_wconf 85' lang='lat' dir='ltr'><strong>Alexandri,</strong></span> 
     </span>
     <span class='ocr_line' id='line_1_42' title="bbox 132 3969 1308 4040; baseline 0.001 -17"><span class='ocrx_word' id='word_1_355' title='bbox 132 3969 697 4040; x_wconf 80' lang='lat' dir='ltr'><strong>letatereundAlaxanderablodainniger</strong></span> <span class='ocrx_word' id='word_1_356' title='bbox 749 3987 831 4025; x_wconf 87' lang='lat' dir='ltr'><strong>wenn</strong></span> <span class='ocrx_word' id='word_1_357' title='bbox 858 3969 918 4025; x_wconf 82' lang='lat' dir='ltr'><strong>dies</strong></span> <span class='ocrx_word' id='word_1_358' title='bbox 946 3971 1028 4026; x_wconf 85' lang='lat' dir='ltr'><strong>Wort</strong></span> <span class='ocrx_word' id='word_1_359' title='bbox 1059 3972 1133 4026; x_wconf 92' lang='lat' dir='ltr'><strong>anch</strong></span> <span class='ocrx_word' id='word_1_360' title='bbox 1158 3971 1240 4026; x_wconf 91' lang='lat' dir='ltr'><strong>nicht</strong></span> <span class='ocrx_word' id='word_1_361' title='bbox 1269 3972 1308 4025; x_wconf 90' lang='lat' dir='ltr'><strong>im</strong></span> 
     </span>
     <span class='ocr_line' id='line_1_43' title="bbox 132 4039 1307 4111; baseline 0 -16"><span class='ocrx_word' id='word_1_362' title='bbox 132 4039 313 4097; x_wconf 83' lang='lat' dir='ltr'><strong>Halbbruder</strong></span> <span class='ocrx_word' id='word_1_363' title='bbox 355 4041 504 4111; x_wconf 82' lang='lat' dir='ltr'><strong>Philippus</strong></span> <span class='ocrx_word' id='word_1_364' title='bbox 542 4039 696 4096; x_wconf 74' lang='lat' dir='ltr'><strong>Arrhidans</strong></span> <span class='ocrx_word' id='word_1_365' title='bbox 751 4041 924 4110; x_wconf 79' lang='lat' dir='ltr'><strong>Gegensatae</strong></span> <span class='ocrx_word' id='word_1_366' title='bbox 957 4040 1040 4097; x_wconf 87' lang='lat' dir='ltr'><strong>steht.</strong></span> <span class='ocrx_word' id='word_1_367' title='bbox 1086 4042 1197 4097; x_wconf 83' lang='lat' dir='ltr'><strong>Ebenso</strong></span> <span class='ocrx_word' id='word_1_368' title='bbox 1220 4040 1307 4111; x_wconf 84' lang='lat' dir='ltr'><strong>xJ,a</strong></span> 
     </span>
     <span class='ocr_line' id='line_1_44' title="bbox 133 4110 958 4181; baseline 0.001 -15"><span class='ocrx_word' id='word_1_369' title='bbox 133 4128 228 4168; x_wconf 81' lang='lat' dir='ltr'><strong>waren</strong></span> <span class='ocrx_word' id='word_1_370' title='bbox 257 4115 310 4167; x_wconf 77' lang='lat'><strong>323</strong></span> <span class='ocrx_word' id='word_1_371' title='bbox 338 4111 380 4166; x_wconf 88' lang='lat' dir='ltr'><strong>ale</strong></span> <span class='ocrx_word' id='word_1_372' title='bbox 402 4110 513 4181; x_wconf 79' lang='lat' dir='ltr'><strong>Konige</strong></span> <span class='ocrx_word' id='word_1_373' title='bbox 540 4111 696 4167; x_wconf 84' lang='lat' dir='ltr'><strong>anerkanut</strong></span> <span class='ocrx_word' id='word_1_374' title='bbox 749 4113 801 4167; x_wconf 85' lang='lat' dir='ltr'><strong>aui</strong></span> <span class='ocrx_word' id='word_1_375' title='bbox 814 4110 958 4167; x_wconf 85' lang='lat' dir='ltr'><strong>victoriae.</strong></span> 
     </span>
     <span class='ocr_line' id='line_1_45' title="bbox 132 4179 1069 4251; baseline -0.001 -12"><span class='ocrx_word' id='word_1_376' title='bbox 132 4181 258 4251; x_wconf 83' lang='lat' dir='ltr'><strong>worden,</strong></span> <span class='ocrx_word' id='word_1_377' title='bbox 273 4179 331 4236; x_wconf 91' lang='lat' dir='ltr'><strong>und</strong></span> <span class='ocrx_word' id='word_1_378' title='bbox 345 4182 389 4237; x_wconf 81' lang='lat' dir='ltr'><strong>fer</strong></span> <span class='ocrx_word' id='word_1_379' title='bbox 403 4182 443 4237; x_wconf 89' lang='lat' dir='ltr'><strong>aie</strong></span> <span class='ocrx_word' id='word_1_380' title='bbox 457 4184 570 4237; x_wconf 75' lang='lat' dir='ltr'><strong>tdhrten</strong></span> <span class='ocrx_word' id='word_1_381' title='bbox 584 4180 701 4236; x_wconf 86' lang='lat' dir='ltr'><strong>Perdic·.</strong></span> <span class='ocrx_word' id='word_1_382' title='bbox 786 4181 820 4251; x_wconf 73' lang='lat'><strong>¹⁶)</strong></span> <span class='ocrx_word' id='word_1_383' title='bbox 840 4184 919 4237; x_wconf 88' lang='lat' dir='ltr'><strong>Anm.</strong></span> <span class='ocrx_word' id='word_1_384' title='bbox 939 4201 973 4237; x_wconf 85' lang='lat' dir='ltr'><strong>au</strong></span> <span class='ocrx_word' id='word_1_385' title='bbox 992 4184 1026 4251; x_wconf 88' lang='lat' dir='ltr'><strong>V,</strong></span> <span class='ocrx_word' id='word_1_386' title='bbox 1046 4189 1069 4238; x_wconf 88' lang='lat'><strong>1.</strong></span> 
     </span>
    </p>
   </div>
   <div class='ocr_carea' id='block_1_5' title="bbox 12 4250 1147 4322">
    <p class='ocr_par' dir='ltr' id='par_1_6' title="bbox 12 4250 1147 4322">
     <span class='ocr_line' id='line_1_46' title="bbox 12 4250 1147 4322; baseline 0 -15"><span class='ocrx_word' id='word_1_387' title='bbox 12 4288 13 4291; x_wconf 59' lang='lat'><em>=</em></span> <span class='ocrx_word' id='word_1_388' title='bbox 133 4269 195 4322; x_wconf 84' lang='lat' dir='ltr'><strong>cas,</strong></span> <span class='ocrx_word' id='word_1_389' title='bbox 228 4250 381 4322; x_wconf 85' lang='lat' dir='ltr'><strong>Antipater</strong></span> <span class='ocrx_word' id='word_1_390' title='bbox 411 4254 467 4308; x_wconf 88' lang='lat' dir='ltr'><strong>und</strong></span> <span class='ocrx_word' id='word_1_391' title='bbox 500 4252 695 4322; x_wconf 87' lang='lat' dir='ltr'><strong>Polyperchon</strong></span> <span class='ocrx_word' id='word_1_392' title='bbox 786 4252 918 4321; x_wconf 75' lang='lat' dir='ltr'><strong>1⁷)Anm.</strong></span> <span class='ocrx_word' id='word_1_393' title='bbox 939 4270 972 4308; x_wconf 88' lang='lat' dir='ltr'><strong>au</strong></span> <span class='ocrx_word' id='word_1_394' title='bbox 991 4252 1103 4321; x_wconf 73' lang='lat' dir='ltr'><strong>Datv,</strong></span> <span class='ocrx_word' id='word_1_395' title='bbox 1121 4258 1147 4308; x_wconf 80' lang='grc'><strong>3.</strong></span> 
     </span>
    </p>
   </div>
   <div class='ocr_carea' id='block_1_6' title="bbox 131 4322 1182 4466">
    <p class='ocr_par' dir='ltr' id='par_1_7' title="bbox 131 4322 1182 4466">
     <span class='ocr_line' id='line_1_47' title="bbox 131 4322 1182 4395; baseline 0.001 -15"><span class='ocrx_word' id='word_1_396' title='bbox 131 4325 206 4380; x_wconf 89' lang='lat' dir='ltr'><strong>nach</strong></span> <span class='ocrx_word' id='word_1_397' title='bbox 239 4322 373 4381; x_wconf 87' lang='lat' dir='ltr'><strong>einander</strong></span> <span class='ocrx_word' id='word_1_398' title='bbox 405 4324 450 4380; x_wconf 87' lang='lat' dir='ltr'><strong>die</strong></span> <span class='ocrx_word' id='word_1_399' title='bbox 482 4323 693 4394; x_wconf 77' lang='lat' dir='ltr'><strong>Regentachaft.</strong></span> <span class='ocrx_word' id='word_1_400' title='bbox 785 4323 819 4395; x_wconf 81' lang='lat'><strong>¹⁸)</strong></span> <span class='ocrx_word' id='word_1_401' title='bbox 837 4322 919 4380; x_wconf 89' lang='lat' dir='ltr'><strong>Anm.</strong></span> <span class='ocrx_word' id='word_1_402' title='bbox 938 4343 972 4380; x_wconf 83' lang='lat' dir='ltr'><strong>au</strong></span> <span class='ocrx_word' id='word_1_403' title='bbox 989 4323 1071 4395; x_wconf 81' lang='lat' dir='ltr'><strong>Ager.</strong></span> <span class='ocrx_word' id='word_1_404' title='bbox 1089 4323 1137 4394; x_wconf 85' lang='lat' dir='ltr'><strong>VI,</strong></span> <span class='ocrx_word' id='word_1_405' title='bbox 1156 4331 1182 4381; x_wconf 81' lang='lat'><strong>8.</strong></span> 
     </span>
     <span class='ocr_line' id='line_1_48' title="bbox 1053 4413 1092 4466; baseline 0 -20"><span class='ocrx_word' id='word_1_406' title='bbox 1053 4413 1092 4466; x_wconf 64' lang='lat'><strong>5*</strong></span> 
     </span>
    </p>
   </div>
   <div class='ocr_carea' id='block_1_7' title="bbox 0 0 1518 4908">
    <p class='ocr_par' dir='ltr' id='par_1_8' title="bbox 0 0 1518 4908">
     <span class='ocr_line' id='line_1_49' title="bbox 0 0 1518 4908; baseline 0 5"><span class='ocrx_word' id='word_1_407' title='bbox 0 0 1518 4908; x_wconf 95' lang='lat' dir='ltr'><strong> </strong></span> 
     </span>
    </p>
   </div>
  </div>
 </body>
</html>
