3028 4908
473 185 507 241 ΙΙ.
535 185 816 243 THEMISTOCLES.
841 194 865 246 8.
881 194 906 245 9.
922 195 965 245 10.
1264 192 1304 257 ll

131 353 232 438 Argis
254 351 394 435 videbat,
418 348 593 434 Corcyram
616 348 821 433 demigravit.
861 349 913 415 Ibi
935 373 1008 415 cum
1031 353 1117 417 cives
1140 354 1305 439 principes

132 440 418 506 animadvertisset
439 439 564 521 timere,
586 458 627 501 ne
650 442 787 521 propter
809 460 843 503 se
866 439 987 504 bellum
1010 439 1125 528 1111116)
1148 442 1307 509 Lacedae·

132 529 234 594 monii
253 532 285 593 et
299 528 513 593 Athenienses
532 525 720 609 indicerent,
734 526 775 591 ad
789 525 973 612 Admetum,
986 528 1167 594 Molossum
1186 552 1306 619 regom,

131 639 206 682 cum
226 639 289 701 quo
307 617 433 681 nullum
452 616 481 681 ei
501 614 681 698 hospitium
700 618 779 698 erat,
801 615 957 702 confugit.
993 616 1042 682 Eo
1062 640 1135 683 cum
1153 621 1305 706 venisset,
1323 636 1341 685 4

131 728 198 790 quo
221 705 343 770 maiore
361 705 519 789 religione
538 724 573 768 se
591 705 758 785 receptum
777 725 833 768 rex
851 709 1005 790 tueretur,
1022 705 1127 770 filium
1145 707 1214 773 eius
1232 731 1306 794 par-

130 795 243 859 vulum
268 793 405 878 arripuit
428 796 462 858 et
484 813 558 857 cum
577 812 615 855 eo
639 812 673 856 se
696 790 731 855 in
755 792 941 878 sacrarium,
963 794 1049 877 quod
1073 817 1200 861 summa
1223 798 1306 863 cole·

129 882 229 948 batur
256 881 464 965 caerimonia,
491 879 637 945 coniecit.
683 877 797 964 Neque
823 881 915 964 prius
943 902 1094 966 agressus
1117 888 1185 970 est,
1209 907 1306 970 quam

130 992 189 1035 rex
212 992 286 1035 eum
304 969 381 1035 data
400 969 514 1034 dextra
536 966 686 1033 infidam
708 969 877 1054 reciperet,
900 992 997 1056 quam
1019 972 1075 1036 ille
1094 993 1214 1058 magna
1232 995 1305 1038 cum
1336 1023 1340 1030 .

128 1059 289 1144 religione
316 1058 489 1140 praestitit
533 1055 620 1122 Nam
653 1056 847 1140 supplicam,
875 1080 948 1123 cum
978 1060 1019 1124 ab
1047 1058 1340 1126 Atheniensibuso

129 1151 164 1213 et
182 1146 447 1218 Lacedaemoniis
471 1146 695 1227 exposceretur
711 1145 852 1229 publice,
869 1168 934 1211 non
952 1146 1097 1230 prodidit
1113 1150 1305 1235 monuitque

129 1239 169 1300 ut
192 1235 257 1300 sibi
280 1235 477 1299 consuleret:
505 1231 636 1298 difficile
664 1232 750 1296 enim
774 1254 844 1298 esse
867 1234 903 1298 in
929 1238 998 1299 tam
1025 1237 1209 1321 propinquo
1233 1240 1305 1304 loco

129 1326 204 1388 tuto
229 1345 303 1388 enm
326 1322 458 1388 versari.
503 1320 619 1406 Itaque
641 1319 788 1404 Pydnam
812 1344 885 1386 eum
908 1322 1021 1388 deduci
1042 1323 1140 1389 iussit
1163 1329 1196 1390 et
1218 1327 1303 1410 quod

130 1413 213 1477 satis
241 1414 328 1476 esset
359 1409 514 1494 praesidii
541 1409 638 1473 dedit.
682 1406 743 1473 Ille
775 1409 810 1473 in
840 1432 958 1476 navem
990 1412 1142 1477 omnibus
1174 1415 1341 1499 ignotuso

130 1499 286 1565 ascendit.
331 1499 422 1575 Quae
445 1520 519 1563 cum
541 1498 738 1580 tempestate
762 1500 905 1563 maxima
926 1498 1059 1565 Naxum
1080 1501 1228 1586 ferretur,
1250 1503 1308 1568 ubi

128 1592 201 1654 tum
229 1587 478 1653 Atheniensium
506 1590 576 1651 erat
602 1586 776 1670 exercitus,
804 1587 907 1651 sensit
933 1587 1183 1670 Themistocles,
1212 1591 1240 1655 ai
1269 1613 1306 1656 eo

129 1677 346 1764 pervenisset,
378 1676 442 1741 sibi
474 1696 544 1740 esse
580 1672 791 1759 pereundum.
839 1673 912 1741 Hac
943 1678 1139 1743 necessitate
1175 1682 1306 1744 coactus

131 1764 263 1830 domino
285 1764 393 1847 navis,
415 1764 488 1849 quis
512 1765 569 1846 sit,
592 1761 711 1847 aperit,
739 1763 842 1827 multa
864 1764 1044 1849 pollicitus,
1068 1766 1098 1830 si
1121 1788 1155 1831 se
1178 1788 1307 1832 conser-

128 1858 250 1918 vasset
277 1854 324 1917 At
342 1853 397 1917 ille
416 1852 588 1917 clarissimi
608 1849 670 1916 viri
688 1853 803 1933 captus
821 1852 1044 1918 misericordia
1058 1854 1144 1920 diem
1161 1859 1304 1920 noctem·
1325 1874 1340 1923 ⁷

131 1963 194 2026 que
217 1942 331 2026 procul
355 1942 396 2005 ab
424 1940 531 2005 insula
553 1941 587 2005 in
610 1940 680 2004 salo
707 1959 825 2004 navem
847 1941 954 2005 tenuit
983 1963 1087 2026 neque
1111 1965 1306 2028 quemquam

130 2051 171 2094 ex
194 2051 233 2094 ea
255 2029 342 2094 exire
365 2050 482 2113 passus
506 2031 563 2093 est
593 2027 672 2093 Inde
691 2025 858 2111 Ephesum
881 2030 1029 2113 pervenit
1051 2031 1161 2117 ibique
1177 2031 1306 2096 Themi-

130 2118 268 2183 stoclem
292 2117 439 2202 exponit3
463 2116 517 2199 qui
540 2116 590 2180 illi
613 2138 672 2200 pro
696 2117 822 2181 meritis
844 2121 959 2201 postea
977 2119 1117 2202 gratiam
1140 2120 1275 2185 rettulit.

219 2205 276 2271 IX.
313 2204 386 2271 Seio
409 2206 580 2289 plerosque
603 2205 652 2269 ita
674 2204 858 2288 scripsisse,
881 2205 1133 2273 Themistoclem
1155 2205 1307 2292 Xerxem)
1327 2227 1341 2274 1

130 2300 289 2379 regnante
312 2295 346 2358 in
369 2294 483 2358 Asiam
506 2294 673 2359 transisse.
721 2291 783 2358 Sed
808 2314 870 2379 ego
893 2295 1101 2378 potissimum
1125 2295 1307 2380 Thucydidi

131 2383 244 2469 oredo,
266 2383 352 2468 quod
376 2386 409 2447 ct
432 2385 537 2446 aetate
561 2383 728 2465 proximus
753 2381 791 2445 de
814 2381 865 2464 iis,
890 2383 945 2465 qui
968 2382 1101 2447 illorum
1124 2387 1307 2468 temporum

129 2470 304 2537 historiam
331 2471 545 2554 reliquerunt,
572 2474 605 2533 et
628 2471 771 2536 eiusdem
796 2470 938 2534 civitatis
966 2470 1039 2535 fuit
1076 2469 1108 2534 Is
1132 2474 1242 2536 autem
1260 2472 1309 2536 ait

131 2558 173 2623 ad
187 2559 404 2624 Artaxerxem
422 2578 496 2621 eum
511 2558 640 2622 venisse
660 2563 757 2642 atque
776 2556 829 2620 his
848 2557 954 2621 verbis
973 2558 1147 2641 epistulam
1165 2560 1307 2624 misisse:

130 2645 383 2711 ‘Themistocles
397 2644 531 2710 veni'ad
550 2648 592 2726 te,
612 2646 668 2729 qui
686 2645 827 2730 plurima
846 2645 935 2709 mala
949 2645 1094 2710 omnium
1109 2645 1307 2712 Graecorum
1326 2666 1342 2714 a

130 2735 165 2799 in
190 2734 321 2799 domum
344 2738 435 2799 tuam
457 2733 568 2817 intuli,
591 2755 688 2817 quam
712 2733 767 2799 diu
790 2732 872 2796 mihi
894 2754 1025 2798 necesse
1049 2734 1113 2798 fuit
1136 2735 1307 2801 adversum

129 2826 258 2907 patrem
281 2827 373 2887 tuum
392 2823 515 2886 bellare
533 2824 735 2907 patriamque
754 2842 861 2885 meam
881 2821 1060 2888 defendere.
1092 2822 1182 2888 Idem
1201 2824 1305 2889 multo
1326 2843 1342 2892 3

130 2911 226 2995 plura
248 2912 335 2976 bona
362 2909 438 2992 feci,
465 2913 641 2994 postquam
664 2912 699 2976 in
722 2914 795 2975 tuto
818 2911 903 2996 ipse,
932 2909 987 2975 1111
1010 2910 1046 2974 in
1068 2912 1212 2996 periculo
1236 2934 1307 2977 esee

130 3001 246 3083 coepit
287 2997 373 3064 Nam
397 3020 471 3063 cum
493 3000 528 3062 in
548 2998 663 3064 Asiam
685 2999 805 3064 reverti
828 2999 940 3082 vellet,
961 3000 1086 3081 proelio
1109 3000 1195 3084 apud
1219 2998 1308 3066 Sala-

129 3088 219 3152 mine
239 3087 342 3172 facto,
364 3087 482 3151 litteris
507 3108 581 3151 aum
604 3088 773 3152 certiorem
798 3086 874 3170 feci,
896 3086 930 3150 id
953 3088 1007 3171 agi
1030 3091 1067 3153 ut
1089 3109 1187 3171 pons,
1211 3111 1307 3173 quem

131 3178 167 3241 in
189 3174 405 3259 Hellesponto
428 3174 558 3258 fecerat,
581 3176 820 3259 dissolveretur,
842 3174 912 3259 ipsc
933 3176 973 3241 ab
997 3175 1148 3242 hostibus
1172 3178 1306 3243 circum-

130 3266 248 3329 iretur:
282 3285 346 3349 quo
373 3263 489 3328 nuntio
520 3263 578 3327 ille
608 3264 753 3347 periculo
782 3266 833 3328 cst
860 3263 1028 3329 liberatus.
1072 3263 1168 3330 Nunc
1197 3269 1343 3332 autem4

130 3353 263 3438 confugi
287 3352 327 3417 ad
350 3356 383 3418 te
407 3351 590 3435 exagitatus
613 3375 633 3416 a
656 3355 773 3417 cuncta
797 3350 949 3436 Graecia,
976 3356 1067 3417 tuam
1090 3357 1203 3436 petens
1228 3355 1308 3419 ami·

131 3441 255 3507 citiam:
285 3462 382 3526 quam
411 3439 440 3503 si
467 3461 522 3504 ero
546 3439 699 3525 adeptus,
726 3461 793 3504 non
815 3439 922 3505 miuus
946 3462 998 3505 me
1021 3442 1143 3505 bonum
1168 3442 1307 3507 amicum

129 3529 267 3595 habebis
296 3550 393 3613 quam
419 3526 541 3592 fortem
567 3528 623 3592 ille
651 3528 818 3593 inimicum
850 3532 1001 3612 expertus
1030 3532 1087 3593 est.
1132 3527 1170 3593 Id
1199 3535 1307 3595 autem

129 3638 225 3702 rogo,
247 3620 299 3702 ut,
321 3617 439 3702 quibus
462 3615 621 3681 derebus
644 3619 753 3681 tecum
776 3617 917 3701 colloqui
940 3617 1030 3700 volo,
1059 3637 1202 3682 annuum
1225 3618 1308 3684 mihi

129 3709 258 3790 tempus
282 3705 338 3770 des
362 3726 463 3790 eoque
486 3708 653 3769 transacto
677 3727 729 3769 me
752 3704 794 3768 ad
816 3707 850 3769 te
872 3705 981 3768 venire
1004 3705 1164 3789 patiaris?

217 3793 259 3862 X.
285 3793 425 3859 Tantam
443 3814 500 3858 rex
518 3792 618 3857 animi
641 3792 900 3878 magnitudinem
924 3793 1087 3858 admirans
1110 3795 1306 3881 cupiensque
1327 3813 1341 3860 1

128 3884 228 3948 talem
259 3885 366 3949 virum
399 3882 463 3946 sibi
495 3882 663 3947 conciliari
693 3881 823 3946 veniam
856 3879 952 3946 dedit.
997 3881 1058 3947 llle
1096 3904 1190 3948 omne
1226 3884 1307 3949 illud

128 3976 257 4056 tempus
270 3972 390 4037 litteris
405 3971 611 4056 sermonique
624 3968 798 4036 Persarum
814 3968 915 4035 dedit:
930 3971 1048 4054 quibus
1064 3970 1144 4036 adeo
1161 3973 1305 4037 eruditus

129 4063 193 4145 cst,
220 4064 258 4124 ut
290 4061 394 4124 multo
422 4058 622 4125 commodius
650 4058 777 4124 dicatur
809 4057 894 4142 apud
922 4079 1031 4143 regem
1060 4061 1159 4125 verba
1190 4061 1307 4126 fecisse

167 4269 201 4340 1⁶)
224 4268 296 4325 D‚h.
311 4268 366 4324 den
385 4269 568 4338 computem,
585 4268 707 4325 welcher
790 4267 824 4339 ¹⁷)
842 4267 948 4322 Xerxes
967 4273 1119 4339 rso-473,
1137 4267 1307 4325 Artaxerxes

127 4338 705 4411 BegriffaueOorcyramauentnehmenist.
750 4338 908 4395 Macrochir
925 4344 1076 4395 473-425.
