3028 4908
507 227 594 285 XVIL
608 227 830 299 ¹AGESILAUS.
854 236 879 285 s.
898 236 924 287 s.
1259 230 1301 295 61

126 413 210 476 quos
234 411 349 455 omnes
376 390 471 474 gravi
491 390 616 473 proelio
639 390 726 455 vicit.
772 390 876 456 Huius
900 390 1057 455 victoriae
1080 392 1132 456 vel
1160 392 1338 457 maximas

125 480 190 544 fuit
213 479 301 562 laus,
328 478 430 563 quod,
457 499 530 542 cum
552 478 649 542 multi
671 500 711 543 ex
732 479 812 563 fuga
837 500 871 544 se
894 478 929 543 in
958 480 1118 563 templum
1137 479 1304 546 Minervae

126 568 345 632 coniecissent
372 570 645 651 quaerereturque
672 567 713 632 ab
742 588 794 652 eo,
826 567 902 651 quid
930 567 971 631 iis
999 569 1098 632 vellet
1124 568 1207 653 fieri,
1242 570 1304 634 etsi

127 656 254 740 aliquot
276 654 412 721 vulnera
435 677 472 720 eo
491 656 618 738 proelio
642 660 811 741 acceperat
833 659 867 720 et
884 656 988 721 iratus
1006 657 1177 722 videbatur
1200 659 1302 723 omni·

126 745 200 828 bus,
223 744 279 828 qui
302 743 456 808 adversus
481 765 572 808 arma
593 744 746 828 tulerant,
770 748 882 810 tamen
906 745 1060 810 antetulit
1082 745 1149 810 irae
1172 746 1302 830 religio-

126 854 202 897 nem
226 836 260 896 et
281 833 356 896 illos
379 832 484 897 vetuit
507 832 632 897 violari.
666 831 782 917 Neque
805 854 881 897 vero
901 833 963 898 hoc
987 833 1094 898 solum
1111 832 1146 899 in
1166 832 1303 900 Graecia
1323 848 1337 896 7

126 921 217 1004 fecit,
245 926 284 986 ut
306 922 429 1004 templa
456 921 590 985 deorum
612 926 726 986 sancta
748 922 894 1000 haberat,
922 921 978 986 sed
1001 923 1101 987 etiam
1124 924 1209 1006 apud
1233 923 1303 988 bar-

126 1010 224 1074 baros
252 1030 380 1074 summa
406 1009 567 1093 religione
594 1011 705 1074 omnia
727 1011 898 1075 simulacra
924 1031 1060 1094 arasque
1089 1012 1303 1077 conservarit.

125 1096 319 1162 Praedicare
347 1098 433 1162 enim
462 1098 591 1163 solebat
612 1098 725 1163 mirmi
747 1119 796 1181 se,
825 1119 890 1163 non
914 1100 1146 1183 sacrilegorum
1169 1113 1337 1165 numeros

126 1185 252 1271 haberi,
275 1186 330 1271 qui
353 1186 555 1270 supplicibus
578 1187 710 1251 deorum
733 1187 931 1269 nocuissent,
954 1208 991 1250 ac
1012 1208 1080 1252 non
1097 1186 1302 1271 gravioribus

125 1273 241 1359 poenis
269 1273 370 1352 affici,
398 1274 453 1358 qui
480 1275 539 1339 illa
565 1275 600 1338 in
622 1296 658 1339 re
681 1275 869 1356 religionem
899 1274 1095 1359 minuerent,
1126 1297 1223 1359 quam
1247 1277 1303 1361 qui

125 1360 205 1427 fana
229 1362 414 1446 spoliarent.

215 1447 256 1514 V.
291 1450 373 1514 Post
399 1451 462 1515 hoc
488 1450 648 1535 proelium
677 1450 830 1516 collatum
862 1471 958 1517 omne
987 1451 1109 1515 bellum
1136 1454 1187 1516 cst
1215 1452 1336 1517 circar

127 1536 319 1604 Corinthum
347 1539 484 1623 ideoque
508 1537 713 1604 Corinthium
742 1543 791 1604 est
819 1540 1025 1624 appellatum.
1070 1538 1110 1603 In
1133 1561 1197 1624 quo
1227 1554 1336 1605 cuma

126 1649 192 1691 una
213 1623 369 1713 pugnam)
394 1628 520 1710 aliquot
542 1627 635 1691 milia
656 1628 799 1692 hostium
823 1649 918 1693 caesa
936 1628 1090 1712 Agesilao
1113 1628 1300 1693 nuntiaren-

125 1720 193 1799 tur,
229 1716 378 1799 quamvis
411 1738 449 1780 ea
480 1737 515 1780 re
538 1737 617 1800 opes
650 1716 907 1781 adversariorum
936 1717 1123 1781 debilitatae
1152 1718 1195 1798 [a
1218 1717 1298 1798 392]

126 1805 326 1887 viderentur,
352 1807 481 1868 tantum
509 1800 638 1890 afuitll)
668 1805 709 1869 ab
737 1806 913 1869 insolentia
940 1805 1077 1891 gloriae,
1105 1809 1143 1869 ut
1169 1806 1300 1870 commi-

126 1897 289 1957 seraretur
315 1891 481 1958 fortunam
503 1891 671 1977 Graeciae,
697 1894 783 1977 quod
811 1899 879 1958 tam
906 1894 1003 1959 multi
1031 1915 1090 1958 suo
1118 1893 1197 1959 victi
1219 1894 1300 1959 vitio

126 1980 356 2046 concidissent:
374 2002 515 2065 namque
528 1981 587 2045 illa
605 1981 825 2066 multitudine,
839 1982 868 2047 si
887 2004 966 2047 sana
982 2003 1074 2047 mens
1093 1986 1190 2066 esset,
1203 1980 1300 2048 Grae-

126 2070 197 2133 ciae
221 2069 417 2153 supplicium
440 2070 517 2135 dare
534 2069 653 2134 Persas
675 2071 829 2153 potuisse.
874 2069 978 2153 Idem,
1002 2092 1074 2134 cum
1096 2071 1299 2136 adversarios
1318 2084 1335 2133 1

124 2158 213 2221 intra
244 2158 373 2223 moenia
404 2158 630 2242 compulisset,
662 2158 870 2223 hortantibus
900 2157 1012 2222 multis
1043 2162 1080 2222 ut
1107 2156 1301 2225 Corinthum

125 2250 345 2332 oppugnaret,
371 2248 507 2331 negavit
533 2246 567 2310 id
595 2267 673 2311 suae
700 2246 812 2312 virtuti
840 2247 1024 2311 convenire:
1052 2267 1122 2311 esse
1149 2248 1237 2311 enim
1266 2270 1301 2312 se

125 2355 214 2417 eum,
238 2335 292 2419 qui
316 2335 356 2399 ad
380 2334 522 2400 officium
545 2338 717 2418 peccantes
740 2335 842 2398 redire
866 2338 1010 2419 cogeret,
1035 2354 1103 2398 non
1126 2335 1182 2418 qui
1204 2335 1300 2400 urbes

7 2466 8 2485 1
125 2421 282 2487 Graeciae
300 2422 521 2488 nobilissimas
541 2428 750 2507 expugnaret.
787 2422 885 2488 ‘Nam
904 2423 944 2488 si'
962 2424 1070 2506 inquit
1093 2420 1160 2487 ‘eos
1180 2423 1299 2487 1111111-
1319 2437 1337 2484 4

124 2531 224 2596 guere
252 2511 464 2596 voluerimus,
491 2512 547 2596 qui
574 2512 745 2576 nobiscum
769 2511 922 2576 adversus
950 2512 1106 2576 barbaros
1131 2515 1301 2596 steterunt,

123 2603 255 2664 nosmet
285 2600 350 2684 ipsi
382 2600 448 2663 illis
477 2600 720 2684 quiescentibus
752 2600 1061 2684 impugnaverimus.
1112 2596 1182 2673 Quo
1212 2598 1300 2664 facto

123 2689 197 2753 sine
218 2689 367 2773 negotio,
389 2709 463 2752 cum
486 2688 657 2773 voluerint,
679 2709 740 2752 nos
764 2685 1015 2772 oppriment’12).

214 2775 271 2842 Vl.
304 2776 440 2842 Interim
464 2776 581 2842 accidit
609 2777 666 2841 illa
692 2776 858 2841 calamitas
882 2776 968 2860 apud
991 2776 1129 2840 Leuctra
1158 2773 1334 2856 [137111

123 2864 397 2930 Lacedaemoniis.
452 2864 522 2941 Quo
550 2887 592 2930 ne
620 2865 894 2950 proficisceretur,
924 2887 996 2931 cum
1025 2887 1045 2928 a
1071 2864 1233 2949 plerisque
1261 2864 1301 2929 ad

123 2953 307 3018 exeundum
338 2953 575 3036 impelleretur,
607 2956 645 3017 ut
673 2954 702 3018 si
729 2953 768 3018 de
797 2958 914 3019 eventu
941 2954 1115 3038 divmaret,
1145 2975 1223 3019 usus
1251 2957 1302 3018 est

125 3043 243 3106 aetatis
278 3044 454 3107 vacatione.
506 3041 610 3124 Idem,
642 3063 715 3106 cum
741 3042 986 3125 Epaminondas
1016 3040 1169 3126 Spartam
1202 3063 1301 3126 oppu-

124 3134 255 3216 gnaret,
284 3131 354 3194 sine
381 3131 482 3195 muris
511 3130 680 3214 oppidum,
713 3130 813 3195 talem
841 3152 875 3195 se
903 3134 1131 3214 imperatorem
1158 3132 1201 3210 [a.
1219 3131 1299 3211 370]

123 3219 289 3301 praebuit,
316 3221 353 3282 ut
380 3239 418 3282 eo
446 3222 591 3302 tempore
619 3218 770 3283 omnibus
794 3224 979 3303 appareret,
1006 3218 1069 3283 nisi
1096 3218 1152 3282 ille
1174 3218 1300 3297 fuisset,

124 3305 277 3391 Spartam
295 3306 438 3372 futuram
462 3327 529 3370 non
547 3306 657 3372 fuisse.
693 3305 732 3370 In
751 3328 815 3391 quo
837 3308 966 3393 quidem
985 3305 1173 3371 discrimine
1192 3307 1299 3370 celeri·
1319 3303 1334 3351 ²

122 3398 177 3459 tas
202 3395 271 3460 cius
294 3395 424 3460 consilii
446 3394 545 3460 saluti
567 3395 630 3459 fuit
652 3394 822 3460 universis.
863 3394 949 3461 Nam
973 3417 1046 3460 cum
1070 3394 1201 3478 quidam
1225 3394 1301 3458 adu·

161 3602 196 3673 ¹⁰)
221 3603 315 3673 Nepos
340 3602 430 3657 meist
454 3603 685 3658 wahrscheinlich
779 3600 1169 3672 111111111111311111111,
1188 3601 1231 3658 als
1249 3620 1301 3657 un-

123 3671 170 3729 dis
203 3672 339 3728 81111111
369 3673 416 3729 111
443 3672 600 3729 Lechaeum
624 3680 686 3741 392,
739 3672 857 3742 wichtig
887 3673 933 3727 fiir
964 3671 1011 3726 (111
1038 3671 1220 3744 Beurt'eilung
1252 3673 1301 3728 des

121 3745 153 3798 in
172 3744 222 3799 der
239 3744 392 3800 besonders
410 3744 457 3799 (111
470 3744 589 3815 Argiver
608 3744 686 3799 starlr
740 3742 897 3814 Agesilaus,
916 3743 971 3799 den
984 3742 1101 3798 weitern
1115 3742 1234 3799 Verlauf
1251 3743 1300 3800 (111

122 3816 216 3870 litten.
271 3805 411 3886 Ubrigens
458 3814 580 3870 tusserte
626 3813 686 3869 sich
740 3813 857 3884 Krieges
880 3814 978 3869 11111
1000 3812 1064 3869 dem
1088 3816 1133 3869 ffir
1151 3814 1197 3871 die
1215 3814 1301 3871 Lace·

122 3884 583 3959 AgesilausinthnlicherWeise,
598 3887 687 3940 achon
741 3885 885 3940 damonier
913 3902 944 3941 1ο
970 3884 1121 3955 gumugen
1153 3884 1300 3942 antalcidi-

123 3956 166 4011 als
185 3957 245 4011 ihm
265 3957 314 4011 aul
331 3958 437 4012 seinem
455 3956 616 4027 Riickwege
635 3973 685 4012 aus
740 3957 826 4010 schen
844 3955 962 4012 Frieden
981 3961 1042 4025 387,
1063 3956 1148 4012 sowie
1167 3958 1218 4012 das
1236 3957 1300 4011 Em·

121 4025 685 4098 AsianinAmphipoliseineNicderlage
738 4026 923 4096 porlrcmmen
940 4026 1070 4082 Thebans
1088 4029 1171 4082 unter
1188 4026 1300 4095 Pelopi-

123 4097 173 4152 der
190 4099 296 4153 Peinde
335 4099 457 4154 emeldet
474 4099 578 4152 wurdc.
740 4099 789 4151 das
825 4099 883 4153 und
919 4097 1128 4168 Epaminondas
1169 4096 1214 4150 bis
1252 4114 1300 4151 zur

161 4169 195 4238 ¹¹)
214 4170 299 4224 Pereo
331 4167 395 4224 iche
411 4167 617 4224 Konstrulrtion
636 4169 686 4223 des
740 4166 873 4223 Schlacht
900 4168 947 4223 bei
974 4167 1106 4237 Leuctra,
1139 4168 1226 4222 durch
1254 4167 1300 4222 die

122 4238 271 4295 Verbums.
311 4240 345 4294 In
367 4241 418 4295 der
439 4238 597 4295 Redensart
623 4240 685 4294 tan·
740 4239 857 4309 Spartae
883 4239 1030 4309 Principat
1056 4239 1107 4294 auf
1130 4237 1216 4293 111111
1239 4236 1300 4294 Zeit

121 4312 183 4364 tum
202 4312 292 4379 abest,
310 4311 391 4365 ut-
405 4314 485 4366 ut-
499 4303 539 4366 ist
557 4309 686 4366 dassclbc
740 4327 776 4364 an
794 4310 910 4366 Theben
927 4310 1073 4380 fiberging.

122 4381 224 4436 immor
242 4380 449 4452 unpersdnlich.
